2700 4828
87 317 366 434 nlsQuasmo
391 317 463 402 nn
487 319 618 402 sexu
633 287 972 405 ennunnnunn
990 343 1058 422 131

59 501 415 604 lnianMonogyniann.
465 503 613 601 Agarici
633 523 768 600 organa
789 504 982 584 masculina
1003 527 1061 582 re·

62 609 123 702 perit
147 609 179 687 in
205 623 304 700 parte
327 603 638 693 intenuavolvae,
664 603 822 676 lamellas
847 604 948 700 fungi
973 605 1062 680 ado-

59 706 180 780 lescentis
202 703 426 802 obtegentis,
452 697 647 796 posteaque
675 700 714 773 in
741 704 934 790 annulum,
963 703 1063 796 llini-

58 815 105 875 ten
124 803 333 897 cingentem,
356 798 535 890 abeuntis.
586 793 721 873 Pillilla
744 819 834 872 vero
854 799 891 873 in
909 800 1061 877 lamellis
1086 827 1088 834 ’

54 899 121 993 ipis.
162 899 353 972 Lichenum
389 895 555 970 Scutellae
584 893 646 988 ipsi
678 895 758 970 sunt
782 895 963 989 Capsulae,
1000 899 1061 972 Se·

53 999 123 1070 nina
136 997 380 1081 continentes,
402 989 662 1066 &Tubercula
676 991 875 1066 Lichenunn
894 993 1064 1070 luheren:

55 1093 170 1168 latorum
185 1095 226 1168 ab
241 1094 352 1168 initio
368 1091 542 1166 scutellas
561 1088 663 1164 soille
678 1089 817 1180 eredit,
838 1113 916 1186 quae
931 1095 1062 1188 opinio

56 1193 202 1282 omnibns,
226 1193 265 1266 in
293 1187 419 1266 harum
450 1187 692 1284 plantulanum
719 1185 837 1262 studio
865 1191 1064 1286 paullulum
1152 1259 1154 1264 ,

56 1287 185 1381 versatis,
215 1289 422 1384 'probabilis
442 1283 658 1362 uidebitur.
720 1285 893 1367 Llchenl's
926 1291 1063 1366 ciliaris

62 1385 114 1459 cilia
137 1409 194 1479 pro
228 1385 411 1462 radicibus
438 1378 570 1474 habet,
595 1377 695 1456 ut&
724 1399 844 1478 pantes
871 1387 1064 1483 analogas,

62 1480 86 1554 in
108 1483 243 1578 pluribus
278 1485 361 1560 aliis
391 1481 563 1558 Lichenis
593 1477 781 1575 speciebus
816 1486 1063 1578 reperiundae.

58 1581 194 1672 lxiona,
214 1582 315 1677 qnod
329 1584 366 1656 in
385 1579 525 1654 deliciis
541 1579 673 1672 habet,
691 1579 762 1654 est:
780 1588 879 1656 omnis
895 1577 1011 1678 plania
1025 1599 1065 1660 aa·

53 1677 155 1772 Jonlnu
176 1693 210 1754 ut
226 1681 406 1756 Harvaeus
422 1677 531 1752 illud:
566 1694 652 1752 onae
671 1682 792 1752 animal
808 1703 849 1754 ex
866 1693 937 1782 osu,
989 1671 1065 1756 Sta·

59 1775 127 1866 tuit,
143 1771 239 1858 fluida
258 1778 453 1854 circumire
473 1775 513 1866 in,
538 1774 628 1850 vasus
652 1776 877 1869 plantarum,
900 1772 1068 1872 quemad.-

63 1875 165 1950 nolon
188 1875 223 1952 in
249 1875 346 1952 vans
375 1873 605 1964 animaliuma
634 1871 842 1968 &reguum
863 1871 1068 1972 vegetabile

70 1970 161 2059 optino
183 1973 354 2070 distingui
387 1974 432 2046 ab
464 1969 608 2044 animali
643 1971 789 2066 organis
815 1961 1000 2066 masculis,
1027 1965 1068 2054 lll

70 2069 184 2147 omnibus
219 2069 510 2170 vegetabilibus,
543 2066 809 2144 secundatione
843 2069 957 2162 falla,
988 2088 1069 2166 pen«
1158 2109 1185 2142 ι.

67 2167 203 2262 euntibus,
240 2191 323 2266 quae
350 2182 479 2245 contra
506 2166 544 2240 in
570 2162 784 2242 animalibus
808 2164 968 2256 restant,
986 2161 1073 2248 suba.

64 2279 111 2352 que
132 2287 265 2345 nouere
303 2267 438 2362 pluries
467 2261 570 2360 fungi
599 2261 755 2356 poliunt.
815 2263 920 2340 Plura
941 2279 1070 2348 'tanieu

64 2360 127 2435 cina
151 2365 236 2441 hanc
278 2365 495 2442 sententiam
528 2363 671 2438 moneri
689 2359 866 2456 (pulleno
906 2381 1072 2444 naturam

67 2459 145 2535 nullos
166 2466 257 2542 inter
285 2479 481 2556 utrumque
501 2481 652 2556 regnum
683 2459 834 2555 posuiffe
857 2463 1012 2552 limites,
1036 2466 1072 2540 ba

67 2559 198 2636 unnltunn
233 2571 282 2651 ex
309 2583 386 2638 uno
417 2561 454 2634 in
490 2561 641 2650 alterum
665 2559 784 2634 modo
813 2557 1074 2652 inobservabili
1129 2609 1131 2612 -

63 2645 130 2747 lieni,
147 2659 289 2738 forsitan
312 2655 538 2758 probabilius
562 2655 625 2732 est.
647 2730 652 2738 ,
677 2659 794 2734 Smilla,

111 2941 364 3027 iruffifieatiouis,
395 2951 528 3034 egregio
551 2950 641 3033 ¹operi
664 2949 704 3012 de
729 2947 881 3016 frufflbus
903 2947 937 3016 &
955 2941 1078 3030 seminia

113 3029 161 3094 bus
180 3033 369 3116 plantarum,
400 3033 607 3116 Stutg.1788.
628 3027 798 3114 praemilia,
820 3033 857 3097 ad
892 3053 941 3097 uae
954 3035 1077 3122 respon·
1111 3075 1115 3084 ι

111 3109 224 3202 lionenu
235 3115 295 3180 cel.
313 3113 479 3196 Hedwigii
498 3113 587 3180 avide
604 3109 827 3206 exspestnunus.
866 3051 955 3184 §clm
976 3151 977 3155 =
1063 3197 1067 3204 ff
