2700 4828
88 233 407 374 ntsQUlslulo
429 235 501 317 DE
522 235 1103 340 SEXUPLANTARUM.107

46 416 159 493 crusta
206 419 270 492 illa
306 418 425 496 minus
464 415 580 516 riget,
620 417 829 494 animalium
867 429 1106 516 perpetuum,

50 517 221 618 nudoque
247 517 452 595 coercitum
466 515 555 614 fine,
572 519 836 596 incrementum
857 517 1040 612 cernitur,
1061 530 1106 594 ut

54 615 341 711 vegetabilibus·
384 615 406 644 “⁸
503 670 508 678 .
1105 655 1106 658 κ

89 904 97 922 ¹
136 807 217 912 Qui
239 811 357 884 lucem
377 787 553 885 accendet
574 812 612 886 in
630 808 868 909 generatione
885 809 1105 905 plantarum,
1158 845 1161 862 ι
1219 773 1250 829 2

6 991 7 994 p
44 925 200 1001 prunum
225 906 404 983 facemin
429 929 543 1004 tegno
573 910 717 984 animali
749 920 956 997 mutuetur,
989 927 1104 1001 opor·
1239 997 1242 1004 Δ

44 1017 118 1096 tet,
145 1005 180 1078 dt
206 1021 345 1080 nature
363 1005 493 1100 *curstrs
515 1020 678 1081 catenam
707 1029 749 1082 ac
772 1005 896 1080 seriem
922 1003 966 1078 ad
994 1025 1103 1102 vege·

44 1102 168 1176 rabilia
200 1125 320 1198 usque
345 1105 541 1198 perquirat.
594 1107 651 1178 Ad
674 1103 911 1200 Phyfiologos
937 1101 1106 1178 autemst

50 1199 254 1294 accesseris,
282 1223 434 1295 quorum
460 1201 513 1276 est
537 1203 708 1278 animales
729 1201 936 1276 funtliones
952 1195 1103 1274 illustra·

52 1319 108 1389 re,
125 1300 255 1392 ipsos,
282 1299 379 1392 quo'd
400 1299 444 1373 ad
465 1301 711 1394 generationis
737 1299 935 1374 dotlrinam
955 1297 1102 1388 attinet,

13 1472 18 1485 ‚
58 1395 91 1467 in
120 1395 228 1490 lpiffis
265 1398 411 1492 palpare
443 1397 604 1471 tenebris
634 1395 893 1498 deprehendes.
959 1395 1104 1472 Horoaei

56 1493 186 1584 quidem
215 1491 408 1570 sectatores
436 1517 506 1570 nos
529 1495 689 1585 docent,
719 1495 962 1569 rudimentum
986 1489 1103 1568 futuri

51 1589 148 1665 fetus
187 1593 231 1667 in
264 1593 387 1674 matris
421 1611 500 1666 ovo
537 1594 672 1684 latere,
707 1593 818 1688 patris
846 1589 1103 1688 verogenitu·

53 1710 142 1781 ram,
164 1689 233 1764 suo
262 1687 396 1779 halitu,
427 1683 576 1786 spiritu,
604 1693 662 1766 vel
689 1693 713 1766 lt
743 1711 825 1765 cum
857 1688 1102 1764 novatoribus

53 1787 234 1864 nonnullis
272 1789 422 1881 loquar,
454 1787 621 1862 electrica
651 1788 711 1864 sua
743 1788 806 1878 vi,
835 1787 874 1861 in
900 1789 1138 1880 embryone‘

57 1883 155 1959 inerti
190 1885 319 1981 pondi
356 1885 514 1961 salientis
553 1887 709 1980 primum
747 1899 888 1961 motum
928 1885 1102 1960 excitare.
1185 1912 1186 1917 ¹
1223 1951 1229 1958 .

63 1981 316 2059 Lcuonrlroeliani
339 1998 468 2058 contra
489 1981 665 2073 afferunt,
689 1982 861 2080 puntlum
879 1982 965 2055 vitae
983 1978 1103 2053 vitelli

63 2097 199 2156 vacuum
230 2079 320 2172 elle,
347 2081 551 2178 genituram
580 2081 687 2156 maris
716 2079 925 2154 vermiculis
950 2077 1102 2170 scatere,
1129 2109 1132 2120 ¹

55 2175 249 2274 horumque
281 2179 501 2256 unicum'in
541 2195 670 2253 cavum
705 2177 794 2253 illud
820 2173 996 2272 punitum
1020 2196 1102 2270 per·

54 2291 210 2370 reptare,
252 2277 375 2373 ibique
406 2276 442 2351 se
479 2277 735 2350 transformare
767 2275 804 2348 in
839 2275 1100 2368 embryonemc

56 2391 175 2452 vereor
198 2397 250 2450 ne
272 2376 414 2451 fallatur
437 2387 613 2468 uterque,
646 2397 715 2450 nec
740 2386 860 2446 tamen
885 2393 1004 2466 meum
1031 2371 1105 2445 erit
1184 2425 1187 2433 Α

62 2482 158 2549 tantas
175 2495 405 2568 componere
419 2472 514 2546 lites.
565 2473 792 2547 Leuoenhoelrii
809 2483 907 2544 certe
924 2469 1102 2548 sententia

59 2585 226 2664 perquam
255 2573 437 2665 paradoxa
475 2569 562 2644 mihi
596 2570 763 2660 videtur,
801 2569 862 2662 qui
901 2562 939 2642 in
966 2565 1102 2649 lemine

55 2669 202 2744 masculo
229 2669 463 2764 spermaticos
491 2669 537 2741 stc
563 2665 678 2742 didos
708 2667 930 2741 vermiculos
954 2662 1100 2756 quidem

54 2767 245 2862 conspexi,
279 2768 312 2840 or
343 2769 410 2842 hos
447 2763 537 2855 esse,
571 2768 631 2860 qui
664 2765 788 2838 matris
820 2783 934 2836 ovum
963 2762 1100 2834 foecun·

6 2887 7 2890 ‘
52 2862 149 2956 dent,
174 2864 463 2961 persuafilirmum
487 2863 627 2953 habeo,
652 2863 710 2935 sed
734 2860 861 2934 adduci
884 2871 1005 2933 tamen
1023 2878 1121 2934 non,

6 2991 8 2994 ·
55 2961 209 3054 pullum,
245 2978 285 3036 ut
318 2963 385 3038 hos
415 2963 526 3036 vivos
561 2981 702 3034 vermes
730 2958 897 3049 credant,
933 2967 996 3052 aut
1018 2975 1099 3029 cor·

57 3079 131 3150 pota
158 3061 364 3156 organisata
389 3061 488 3133 viva:
540 3057 592 3132 At
616 3058 759 3144 dicere,
784 3079 852 3149 qua
874 3055 1021 3130 ratione
1041 3073 1111 3128 res

53 3152 113 3248 ipsa
132 3174 350 3254 peragatur,
377 3159 521 3232 illorum
549 3157 654 3245 foro,
682 3175 832 3248 quorum
854 3149 1024 3242 interest,
1043 3171 1100 3224 re·

6 3273 8 3278 ·
51 3253 198 3350 linquo,
224 3256 388 3348 cirmini,
409 3257 434 3330 lt
454 3253 582 3328 faciem
605 3253 737 3328 intueri
760 3251 925 3325 veritatis
947 3249 1006 3322 hic
1023 3269 1101 3324 non

50 3351 152 3445 licet,
192 3369 292 3452 terga
318 3370 437 3430 tamen
467 3349 592 3432 vldllle
616 3351 697 3425 satis
722 3347 805 3426 erit.
868 3348 1099 3440 Exemplum,

53 3458 144 3541 quod
179 3451 426 3544 obscuriffimae
454 3454 505 3524 rei
538 3451 693 3544 aliquam
723 3450 837 3522 lucem
866 3449 1045 3539 ptaeheat,
1078 3465 1100 3516 e

51 3551 222 3640 partubus
237 3551 405 3646 *hybridis
419 3547 624 3636 ‘delumam3
659 3569 690 3620 e.
706 3567 758 3642 gr.
786 3569 805 3618 e
832 3566 964 3640 genere
990 3540 1099 3636 Equi,
1132 3569 1137 3574 ·

52 3649 105 3718 cui
133 3647 269 3742 duplex
301 3647 351 3721 est
386 3663 506 3746 partus
534 3645 720 3738 hybridus.
789 3643 887 3718 Nam
918 3643 963 3716 ab
995 3639 1100 3732 Equa

50 3741 187 3836 matre,
223 3759 323 3838 patre
355 3747 490 3834 Almo,
528 3741 571 3818 fit
598 3745 740 3830 Multis,
772 3742 833 3832 qui
862 3755 1012 3827 natura,
1040 3736 1100 3810 seu

6 3927 8 3940 Ι
52 3838 243 3916 substantia
272 3839 458 3918 medullari
489 3841 522 3916 dt
552 3840 748 3932 systemate,
768 3838 948 3928 nervoso,
975 3835 1100 3928 Equus

53 3935 126 4035 est,
153 3941 405 4040 relabamur
430 3938 596 4032 cortictli
619 3936 853 4014 &exteriore
877 3931 1101 4105 formapsci·

6 4049 8 4096 l
180 4086 185 4092 -
1027 4043 1136 4108 teet·
