2708 4822
126 240 130 261 ·
241 241 288 316 72
313 211 607 294 Mnunoous
634 173 933 292 Musconuru
957 205 1288 290 tutusuun'rn
1331 174 1347 287 'r

243 417 400 494 maxime
430 412 618 506 industrii,
650 433 702 485 eae
728 423 852 499 tamen
883 409 965 506 ipis
986 409 1027 484 in
1061 407 1136 484 illis
1166 403 1291 480 exami-
1338 479 1347 515 Ι,

244 533 390 618 nandis'
407 537 477 612 sese
506 515 1021 634 obtulerunt‘difficultetes„
1039 545 1083 608 ut
1112 529 1205 625 saepe
1232 551 1299 604 eos

245 663 431 762 preterire
458 673 688 784 cogerentur.
736 659 827 736 lude
857 657 933 752 est,
965 655 1064 753 quod
1090 655 1139 730 ad
1162 669 1299 750 tenpus

246 809 367 882 usque
400 783 513 860 Crse
552 767 756 874 Buu'urus,
805 782 932 882 (cujus
963 783 1085 858 Pinax
1106 777 1170 852 .de
1207 789 1300 850 ante-
1344 795 1347 876 4

247 912 424 988 cesiorum
456 905 609 1021 testatur
638 883 833 1000 industria,
875 907 1009 1016 quique
1050 891 1209 998 amplius
1239 897 1345 974 subi

247 1057 327 1114 non
349 1033 482 1110 somfit
498 1029 665 1140 negotii,
692 1050 798 1136 quarn
824 1051 846 1106 a
857 1005 1117 1153 superioribus
1143 1022 1299 1102 nomine·

135 1195 139 1199 ·
249 1176 310 1232 tos
353 1148 562 1254 recensere)
593 1150 666 1232 XV
703 1167 846 1232 tanturn
857 1117 1026 1316 species
1068 1147 1220 1294 exstem
1240 1145 1289 1241 ds·

251 1283 402 1378 scripte.
516 1309 610 1382 s,
681 1327 806 1379 ·...
1066 1315 1076 1330 κ
1243 1329 1248 1342 .

350 1523 578 1618 strumen,
602 1524 702 1620 quod
723 1549 769 1604 ex
792 1465 976 1604 Bruuius
997 1525 1135 1602 Pinece
1159 1525 1217 1601 rei
1236 1523 1310 1600 bet-

254 1649 364 1726 beriae
380 1651 532 1740 affulsit,
557 1649 674 1724 ansam
690 1650 791 1726 dedit
811 1648 1053 1728 sollertiffimis
1065 1649 1232 1746 Europe
1245 1651 1310 1724 Bo

255 1764 411 1864 troicis,
429 1776 551 1868 plures
571 1773 774 1878 ventilandi
801 1775 953 1868 herbas,
997 1795 1105 1868 quarn
1136 1795 1231 1868 quas
1258 1773 1313 1846 de·

257 1875 443 1993 scripserat
458 1897 678 1972 Bsusstuus.
722 1877 849 1992 I'taque
865 1893 918 1991 hi,
934 1897 1238 1975 antecedentium
1253 1894 1312 1971 sui·

258 2021 341 2096 sulti
357 2021 573 2118 cognitione
588 2020 849 2096 intentioribus
864 2021 984 2096 oculis
1003 2021 1133 2096 herbas
1148 2020 1312 2118 indagan-

233 2125 337 2236 'tes,
374 2147 591 2221 minutiores
622 2144 733 2220 etiam
754 2145 946 2222 observare
979 2153 1057 2220 non
1080 2146 1309 2222 erubuerunt

259 2271 362 2345 Hinc
397 2257 520 2346 Musei
547 2291 648 2363 eque
685 2290 728 2344 ac
761 2267 900 2372 reliqua
935 2269 1154 2366 vegetabilis
1194 2272 1235 2346 in
1266 2292 1312 2344 or·

222 2465 226 2476 ,
261 2395 384 2468 dinem
408 2394 489 2470 sunt
512 2393 657 2470 sedabii.
691 2383 983 2468 'Tounnnsone
1011 2393 1217 2488 specierum
1240 2393 1315 2470 surn-

261 2536 323 2588 me
355 2513 482 2609 dives,
514 2517 672 2612 (quippe
697 2517 759 2611 qui
788 2515 1005 2610 distinguere
1034 2515 1204 2594 nondum
1237 2515 1317 2590 didi·

218 2659 220 2667 ⁴
265 2651 367 2712 cerat
401 2637 592 2736 species&
625 2643 821 2743 varietates
830 2635 865 2732 ,)
900 2637 973 2713 CII·
993 2639 1152 2733 species,
1186 2661 1316 2714 connu-

160 2779 163 2785 ·
265 2759 414 2836 mesatis
430 2763 538 2838 etiam
560 2763 821 2854 varietatibus,
846 2757 1058 2838 recensuisse
1074 2760 1158 2840 satis
1185 2765 1316 2840 habuit

264 2885 389 2958 Brevi
409 2898 528 2961 autem
555 2888 672 2982 major
695 2888 735 2962 in
754 2885 871 2978 hisce,
898 2909 1002 2980 quam
1017 2887 1074 2960 ·in
1098 2889 1238 2962 ceteris
1265 2907 1319 2962 ve·

169 3101 171 3108 Ι
205 3027 208 3032 ·
266 3007 484 3102 getab'ilibus
507 3006 774 3107 dignoscendis,
799 3009 964 3104 apparuit
993 3009 1210 3100 difficultas3
1238 3012 1321 3090 norl-

84 3221 86 3228 ‚
213 3233 215 3240 J
260 3131 463 3206 titudinem
498 3135 597 3207 enim
630 3133 849 3208 diversarum
885 3133 1103 3228 specierum,
1146 3159 1238 3230 ques
1276 3138 1322 3210 in.

151 3263 158 3282 ¹
261 3253 491 3345 ,veniebant,
536 3278 615 3332 non
655 3256 792 3351 semper
824 3258 891 3348 iis,
936 3257 1065 3370 quibus
1103 3261 1323 3352 utebantur,

270 3374 575 3471 descriptionibus
601 3379 794 3457 commode
824 3383 969 3472 notari,
996 3397 1040 3456 ut
1072 3385 1152 3457 aliis
1181 3385 1321 3459 innote-

170 3499 204 3608 Ἃ
271 3500 433 3610 scerentp
463 3501 571 3577 facile
598 3504 954 3597 animadvertebant,
988 3499 1160 3606 persuasi,
1202 3509 1249 3583 ad
1269 3510 1322 3582 ho

271 3644 351 3697 rum
393 3619 663 3822 ipdagationem
709 3649 802 3723 opus
837 3627 914 3702 effe
958 3629 1066 3722 viro,
1111 3631 1172 3724 qui
1221 3652 1319 3708 omne

272 3745 373 3823 suum
391 3781 407 3807 s
427 3771 574 3848 empus,
614 3773 831 3850 omnemque
870 3750 1079 3836 industriam
1133 3755 1226 3834 huic
1283 3755 1323 3835 rei

273 3871 424 3948 dicaret,
481 3921 483 3928 ·

1237 4003 1326 4084 Acte
