2780 4824
147 257 223 335 os:
250 257 484 335 nannum
510 253 820 334 russonum,
848 255 1051 338 euussn.
1118 283 1141 358 9
1176 218 1185 240 '

75 439 289 534 responsum
310 441 399 531 tuli,
431 397 506 536 quo
531 441 652 515 Deum
683 437 903 530 testabatur,
933 441 967 514 se
993 460 1059 536 per
1086 451 1142 512 to·

82 551 153 610 tarn
175 540 292 612 vitam
320 537 441 612 decies
458 540 601 614 fruitus
629 541 719 612 tales
745 557 821 611 non
845 537 974 627 edisse,
998 537 1031 612 ἀ
1057 559 1142 632 pro

63 637 447 809 „xirintasspraeterlapsa
481 637 600 717 astate
632 657 680 716 ne
713 635 861 714 unicum
895 635 1039 738 quidem
1066 633 1142 720 ide

79 755 123 830 gu
156 756 227 808 ae

176 953 237 1024 30
274 934 382 1006 Venus
410 927 501 1030 (πο)
524 953 628 1028 quana
659 951 782 1029 parurn
807 929 849 1004 ad
873 929 967 1004 hanc
992 953 1067 1005 rem
1093 931 1143 1006 fa·

79 1027 175 1116 ciat,
218 1031 446 1106 documento
478 1031 601 1108 sunt
592 1031 640 1121 ri,
673 1045 744 1102 tam
777 1029 840 1142 qui
873 1044 996 1123 extre,
1039 1051 1144 1132 quarn

79 1128 141 1220 qui
169 1126 210 1200 in
234 1129 496 1222 matrimonio,
526 1129 606 1206 sunt
629 1127 831 1204 constituti.

179 1285 213 1330 a.
240 1257 502 1352 Corripiuntut
537 1261 631 1340 enim
666 1261 782 1335 febri·
795 1261 898 1352 nupti
936 1263 1070 1354 pariter
1103 1282 1145 1338 ae

86 1354 250 1446 celibes,
295 1359 382 1438 licet
414 1359 567 1454 Upsaiiae
608 1362 728 1452 plures
762 1358 829 1433 fint
864 1359 1053 1436 Studiosr
1040 1382 1145 1454 Juve-

81 1475 169 1542 nes,
216 1477 325 1547 quam
370 1456 494 1546 cives,
534 1457 697 1550 adeoque
735 1458 927 1552 pauciores
973 1459 1146 1550 uxorati,

80 1551 256 1660 adeoque
280 1557 472 1646 pauciores
498 1555 762 1629 febricitantes.

179 1675 220 1762 β.
248 1682 325 1780 Qui
354 1683 503 1756 Venere
527 1683 654 1758 assidua
677 1697 849 1772 utuntur,
877 1707 954 1758 non
977 1683 1147 1761 tutisont
1266 1717 1270 1739 ‚

81 1779 197 1872 magis
221 1799 328 1871 quam
345 1781 530 1878 abstemii;
555 1782 651 1874 qnod
672 1783 782 1894 docet
804 1784 1030 1876 experientia
1046 1797 1145 1889 quo·

83 1877 222 1950 tidiana
248 1899 368 1970 nuper
390 1895 600 1972 nuptorum.
709 1940 719 1962 t

181 2094 242 2164 31.
266 2075 391 2150 ilentur
409 2069 500 2170 (or)
517 2071 684 2166 tandem,
713 2075 963 2148 maritimus&
981 2075 1146 2169 palustris

88 2169 193 2242 etiam
232 2170 344 2248 facile
383 2172 583 2250 absolvitur
619 2195 639 2246 a
679 2174 833 2248 crimine
878 2175 1079 2268 imputato,
1122 2175 1148 2254 ir

88 2268 459 2346 confideraverr'mus.

178 2425 219 2474 α.
221 2398 442 2480 Noriandiae
471 2391 537 2496 (7)
567 2399 758 2478 maximam
795 2399 1054 2494 partonrrnari
1087 2399 1147 2474 ad-

95 2495 220 2588 jacere

157 2617 220 2706 β.
260 2622 491 2697 Habitabiles
531 2621 665 2696 ibidem
701 2615 767 2734 (7)
806 2634 920 2696 terras
966 2623 1149 2701 distinctas

90 2723 156 2798 effe
193 2723 386 2814 paludibus
424 2721 540 2794 annito
576 2721 766 2810 maximis,
805 2722 842 2794 in
881 2723 1062 2824 relatione
1104 2725 1149 2800 ad

88 2823 133 2901 Sc
138 2823 255 2896 sciam
285 2834 453 2916 ceteram.

182 2972 219 3032 γ.
254 2945 350 3019 Solis
377 2946 518 3018 calor
508 2968 543 3020 tn
572 2946 685 3040 Jnnio
713 2946 824 3037 Alpes
855 2948 1030 3043 erpour'ae
1057 2945 1150 3048 (11)

91 3045 308 3119 humoribus
334 3045 372 3115 b
407 3043 562 3116 effluviis
595 3045 775 3116 fumantes
805 3045 944 3130 reddit,
978 3053 1150 3127 comnia
1247 3091 1252 3106 .

88 3145 138 3222 ibi
163 3143 279 3226 citius
306 3140 392 3246 (per
418 3153 436 3222 8
457 3139 478 3213 s.
503 3136 664 3251 bodies)
691 3151 795 3243 quam
816 3143 900 3219 alibi
923 3143 1088 3226 solvitur.

327 3351 396 3526 ru.
449 3407 640 3484 caussa
666 3371 921 3515 bonulus.

187 3627 249 3698 3²·
286 3599 375 3675 Cum
405 3601 535 3696 igitur,
559 3615 600 3678 ut
621 3603 803 3694 vidimus,
832 3625 877 3676 ex
897 3602 1050 3692 Cauifis,
1074 3627 1154 3698 qum
1268 3621 1286 3667 η

86 3705 236 3796 allegari
270 3699 387 3788 solent
416 3695 647 3795 (uc-rm),
679 3702 777 3776 nulla
806 3723 874 3796 pro
900 3725 986 3776 vera
1008 3703 1152 3798 agnosci
1188 3711 1191 3718 '

88 3801 196 3894 poffit
226 3799 297 3895 (aa
315 3836 364 3859 «-
382 3793 481 3899 31)‚‘
506 3799 645 3875 neceffe
681 3799 732 3878 est
763 3815 804 3878 ut
823 3821 911 3910 fleam
946 3801 1032 3919 alibi
1059 3822 1167 3926 quse«¹
1271 3862 1274 3878 ,

88 3921 221 3978 ramus.

606 3985 690 4128 Aa
778 4077 781 4086 ·
990 4029 1151 4136 saeue
