2708 4822
126 209 130 228 ’
180 226 338 348 nova
362 270 653 352 onanrnrunr
678 203 905 356 nonnan-
1020 295 1064 372 η
1125 253 1129 266 ’

37 467 189 560 collibus,
213 467 282 545 ubi
303 470 513 565 pierumque
537 469 743 566 marcescit,
768 473 948 567 plantata,
974 469 1065 546 folia
1105 522 1111 568 .·

40 591 177 666 radicalia
204 580 343 670 emittit
367 593 516 672 setacea.
566 593 663 698 Fieri
691 617 835 689 quoque
857 593 999 690 potest,
1023 609 1066 672 ut

40 715 91 787 Par
107 715 273 810 Pnlustris
294 715 589 814 discrepantiam,
617 740 686 812 qua
711 718 895 813 ateliquia
920 720 991 812 pm
1010 733 1074 797 τοι
1179 793 1183 801 r
1231 783 1234 788 .

37 835 133 910 citatis
156 838 289 930 distat,
328 839 404 916 solo
420 841 495 942 vsuo
523 843 658 938 aquoso
684 843 835 930 debeat;
871 843 949 936 hoc
968 845 1068 920 enirn

35 956 180 1056 sublato,
199 983 329 1056 parum
354 985 374 1036 a
398 963 499 1060 supra
524 964 733 1040 memoratis
757 963 891 1040 differt.
917 1017 934 1028 ..

110 1084 232 1180 Longe
259 1087 391 1162 clarius
417 1089 538 1164 elucet
556 1089 633 1164 haec
654 1088 809 1162 variatio
834 1109 878 1160 ex
895 1086 967 1166 alio
987 1074 1066 1184 gra·
1163 1082 1170 1098 '

37 1205 132 1296 mine,
157 1209 300 1284 nullum
316 1209 449 1300 solum,
474 1233 548 1306 ¹qno
572 1213 869 1305 dentumcunrque
893 1209 1005 1286 modo
1024 1211 1069 1290 stt

43 1346 286 1424 conparatum,
311 1337 503 1427 quominus
528 1335 578 1412 ibi
601 1335 844 1410 disseminetur
864 1334 1066 1427 accrescat,

47 1451 221 1548 respuente,
256 1455 355 1532 snam
379 1451 670 1560 tamer-figuram
694 1457 968 1537 conditionibus
1001 1457 1067 1532 fibi
1120 1561 1127 1578 ι
1203 1537 1206 1546 ,

47 1573 147 1650 oblatis
180 1579 323 1678 semper
356 1583 409 1656 ita
438 1581 757 1672 accommodante,
792 1594 833 1655 ut
857 1581 952 1678 figna
976 1579 1068 1688 soli,¹

45 1696 90 1768 cui
106 1699 205 1778 infixa
220 1705 324 1799 suit,
348 1703 620 1790 manifestissima
640 1704 748 1782 nobis
766 1703 838 1778 det.
886 1697 931 1796 4)
955 1706 1066 1798 Agro-

45 1817 95 1908 lil
113 1823 232 1923 loquor
250 1817 499 1926 Stolomfernm,
524 1838 611 1926 qnae?
627 1851 700 1904 una
726 1850 808 1939 cum
830 1827 919 1904 Aira
938 1825 1067 1929 Cespi-

52 1941 126 2036 tosa,
153 1953 331 2046 optimum
358 1953 392 2030 n
420 1956 615 2056 pecoribus
636 1950 919 2032 delicatissimum
944 1963 1067 2046 prato·
1221 1987 1224 1994 ·
1329 1955 1330 1976 ¹

52 2085 112 2139 nim
139 2073 354 2168 nostrorum,
377 2078 512 2178 frenum
543 2075 743 2153 constituit.
810 2074 1068 2155 succulentum
1168 2151 1169 2160 Ν

49 2203 158 2280 lartun
185 2213 306 2298 atque
335 2200 543 2302 depressum
569 2183 772 2300 'annunciat
802 2197 913 2272 herba
944 2195 1069 2274 nostra

49 2313 215 2398 ulnatduas
239 2325 395 2426 veltres
418 2325 513 2416 alta,
538 2323 661 2415 ,culmo
679 2317 778 2396 resto
798 2320 922 2396 secalit
942 2317 1067 2412 instar,

51 2439 180 2525 panicula
199 2467 356 2550 magna,
383 2447 519 2538 effusa,
541 2443 715 2544 spadicea.
762 2445 816 2523 Ut
837 2465 929 2520 vero
953 2444 1067 2522 humi·
1098 2521 1100 2528 Α
1148 2462 1150 2470 ’

47 2555 116 2636 ditas
136 2572 224 2660 prati
253 2569 412 2677 deficit,
423 2571 474 2648 ita
498 2559 626 2646 siccior
649 2569 796 2660 evadit,
824 2567 1066 2658 macilentior,

47 2677 203 2768 altitudine
232 2694 270 2768 &
300 2693 527 2772 crassitudine
550 2693 683 2786 minor,
703 2692 865 2788 adeoque
883 2685 1112 2789 gracilior,

47 2796 185 2908 brevior,
225 2787 330 2922 foliis
343 2817 684 2934 angustioribus&
716 2815 882 2912 panicula
908 2813 1065 2896 ariliori
1184 2839 1188 2854 ·

43 2917 71 2993 Si
97 2945 205 3012 autem
228 2943 345 3016 colles
377 2929 535 3034 incolat,
567 2960 634 3014 eoa
656 2939 816 3040 gramine
844 2937 959 3014 adhuc
988 2937 1066 3010 bre·

42 3045 119 3124 riori
139 3077 269 3156 ornat,
300 3066 422 3143 culmo
447 3065 621 3158 foliisque
647 3057 978 3162 angustioribus,
966 3059 1067 3154 pani

41 3171 105 3247 cula
125 3194 326 3280 attenuata,
352 3187 610 3286 ferruginea&
630 3185 738 3266 instar
754 3185 785 3260 F
788 3184 917 3262 estucae
932 3183 1074 3286 Ovinae

41 3285 101 3368 sere
104 3300 284 3394 secunda.
414 3351 418 3358 ·
838 3322 840 3337 '

122 3427 278 3534 Quodsi
305 3455 353 3511 eo
375 3435 414 3512 in
439 3435 526 3532 loco
550 3435 655 3540 diaeta
683 3430 791 3506 nimis
818 3453 952 3536 macra
968 3431 1093 3510 debi

42 3533 190 3642 litetur,
188 3558 302 3650 priori
321 3580 467 3657 quoqne
484 3558 601 3657 minus
623 3555 769 3648 crescit,
793 3554 955 3652 pluribus
976 3555 1067 3631 radi

41 3663 115 3740 culis
140 3673 208 3752 sese
242 3681 490 3779 obvestiens,
490 3681 688 3788 particule
716 3678 798 3754 sunt
822 3677 1068 3756 strbsessiles&

43 3784 147 3873 ilumae
169 3801 255 3878 loco
279 3804 467 3883 staminum
491 3804 525 3879 δι
546 3802 762 3910 pistillorum
785 3801 936 3899 fuligine
958 3802 1068 3876 adim-

43 3905 186 4028 plentur,
209 3929 243 4012 δι
266 3952 396 4008 revera
412 3929 570 4028 Agrostr‘n
590 3929 755 4006 Pumilam
785 3925 895 4002 nobis
915 3927 1066 4024 praebet.

369 4087 373 4092 ν
828 4043 831 4062 ‘
915 4045 1066 4140 Hac

1150 3990 1178 4055 ἦ,
1264 3997 1267 4000 ,
