2708 4822
248 307 295 400 id
329 393 333 398 ,
412 297 566 386 NOVA
589 299 881 382 GRAMINUM
904 297 1126 380 GENEuu.

273 513 276 519 ·
343 495 477 575 Haecce
502 501 539 574 iu
565 477 671 596 prato
694 511 858 596 reperta,
882 497 1006 574 fluviis
1030 491 1146 594 paffim
1173 490 1311 592 perfo-

246 629 351 716 rato,
387 621 554 724 *declivia
588 645 714 698 eorum
752 625 861 698 litora
891 623 1052 722 gramine
1088 623 1314 695 luxuriante

117 803 121 812 .
246 748 389 846 egregie
409 745 673 838 circumvestit,
699 751 801 844 cujus
824 748 954 837 culmi,
978 769 1051 840 quo
1079 741 1238 840 propius
1259 739 1310 817 acl

246 871 543 968 aquam'accedit
568 860 712 968 lierba,
729 869 898 961 craffitie,
919 869 1080 964 foliaque
1104 868 1307 942 latitudine

147 1089 154 1104 ι
246 1008 442 1093 augentur3
484 992 651 1090 panicula
682 1009 770 1070 tunc
797 995 920 1090 evadit
949 995 1062 1090 magis
1092 988 1307 1082 consata,

225 1116 429 1220 'oblongm
468 1099 614 1194 ramulis
652 1115 722 1194 suis
756 1119 964 1212 frequenter
994 1116 1303 1207 subverticiliata,

152 1257 184 1329 ’,
244 1227 463 1334 multiflora,
497 1241 646 1333 obtusa,
669 1238 1081 1338 viridi-purpurascens.
1133 1239 1179 1315 In
1208 1237 1298 1316 fiiris

122 1407 127 1417 ’
247 1389 365 1445 autem
400 1366 555 1460 inclusa,
595 1359 784 1480 persaepe
771 1363 912 1440 'faciem
947 1363 1099 1461 Agrestis
1121 1367 1301 1462 sylvadm

246 1493 366 1576 induit
350 1505 385 1587 t,
413 1511 510 1587 quae,
535 1447 930 1589 ρτορῑετίηυωΙΙεω,
955 1489 1017 1564 sub
1034 1491 1198 1588 nuptiis,
1223 1511 1306 1586 pro·

218 1705 224 1728 ἱ
245 1617 455 1716 portionem
473 1619 695 1714 glumarum‚
713 1610 886 1688 morbosa
907 1613 1102 1687 videtur

341 1741 396 1816 ln
393 1739 584 1814 Sabuiosrs
602 1759 716 1829 vero,
742 1759 857 1812 arena
864 1737 991 1810 mobili
1010 1735 1112 1812 tediis
1130 1733 1167 1810 dc
1186 1755 1306 1833 prope

246 1887 343 1943 mare
367 1865 461 1956 sitis,
485 1863 591 1957 hujus
616 1863 724 1936 culmi
745 1855 839 1958 fiunt
861 1861 1043 1969 elongati,
1067 1864 1207 1964 crebro
1227 1883 1305 1958 per·

160 2057 166 2074 ,
247 2003 443 2084 enpantcs,
469 1989 513 2062 ad
543 1988 710 2084 genicula
741 1983 965 2075 radicantes,
1004 1957 1209 2081 saepiusque
1241 1975 1306 2059 sar?

158 2153 161 2162 2
245 2114 395 2192 mentali
422 2111 615 2208 &vaginis
639 2109 921 2198 membranaceis
947 2103 1028 2205 post
1049 2109 1301 2184 casumfolio·

245 2261 323 2316 rum
342 2235 607 2334 persistentibus
626 2231 823 2325 obvallari,
846 2229 987 2308 articuli
1002 2235 1209 2325 culmorum
1224 2233 1293 2328 pie·

191 2343 206 2358 ’
245 2378 396 2454 rumque
417 2359 556 2452 hirsuti,
577 2357 610 2432 dt
629 2358 836 2454 e'quolibet
858 2356 1012 2432 articulo
1030 2357 1153 2452 plures
1184 2377 1294 2432 ramus

245 2483 456 2593 producunt
479 2485 610 2556 breves
638 2481 935 2574 ultramuros,
960 2495 1002 2556 ut
1023 2481 1166 2556 culmus
1194 2481 1304 2556 verti·

222 2645 223 2650 =
244 2605 387 2682 cillatus
408 2605 598 2697 videatur,
621 2605 719 2680 folia
729 2603 886 2680 exiliunt
905 2605 1085 2697 subulata,
1111 2604 1307 2702 subplana,

244 2705 393 2820 breuia,
417 2727 609 2824 rigidiora,
643 2703 810 2852 pamicula
837 2727 1038 2821 coarliata,
1062 2727 1197 2824 sapius
1226 2753 1309 2806 ver·

245 2855 410 2946 ticillata,
432 2874 501 2926 nec
522 2853 701 2950 evaginis
720 2855 872 2928 multum
882 2848 1081 2946 Qprodutta

338 2975 492 3069 Propius
511 2983 632 3083 tamen
647 2975 693 3052 ad
710 2971 852 3051 litora
837 2975 958 3066 maris,
972 2978 1032 3050 vel
1051 2975 1093 3049 ad
1105 2995 1193 3050 oras
1208 2975 1311 3054 inter

245 3093 435 3197 scopulos,
475 3099 538 3173 ubi
566 3102 711 3196 gramen
740 3077 901 3174 nostrum
933 3100 953 3172 a
980 3097 1166 3174 ferocibus
1196 3105 1312 3178 undis

130 3289 133 3308 ,
185 3223 201 3314 j
245 3221 422 3320 agitatur,
463 3224 572 3298 culmi
607 3225 687 3318 eius
716 3223 994 3318 abbreviantur,
1037 3221 1130 3298 fiunt
1166 3227 1311 3320 erecti,

245 3343 369 3437 statui,
387 3345 643 3442 &priusquam
667 3345 934 3423 indurescentia
957 3347 1201 3444 expanditur,
1226 3345 1312 3446 plu·

244 3468 344 3542 tibus
367 3467 467 3580 foliis
489 3465 776 3570 circumdantur,
797 3463 952 3566 'uaginis
980 3467 1177 3562 brevibus,
1208 3473 1311 3547 artie

243 3573 528 3688 approximatis,
555 3593 734 3686 tumidis,
752 3586 852 3670 'foliis
878 3589 1071 3688 subtristis,
1103 3593 1311 3686 involutis,

244 3713 372 3805 retiis,
415 3715 560 3826 rigidis,
596 3718 762 3796 acumine
788 3734 973 3820 pungente
1001 3717 1232 3854 terminatis,
1271 3736 1313 3796 ut

246 3839 285 3918 iu
305 3841 442 3988 Agrusti
472 3843 673 3984 Virgiuicu
1325 3829 1328 3838 ’

1265 3965 1312 4046 ln
