2780 4824
194 295 271 380 ET
301 291 503 380 Rectum
539 291 678 379 subc.
713 290 918 381 sinuum.
1039 309 1084 400 63

45 483 177 588 Quoquo
202 479 329 578 itaque
358 481 485 558 letitia
520 481 750 582 capimur,ii
780 483 818 560 in
847 483 972 562 futuro
998 497 1085 563 tent·

132 602 244 674 pore,
280 582 565 676 quodomnium
593 581 756 658 nostrum
783 581 915 662 summo
936 583 976 660 bt
1002 587 1086 664 uiti-

129 698 185 752 me
209 678 262 752 est
287 700 396 770 cure,
421 676 578 752 nostram
604 677 697 774 spem
724 683 915 776 peninum

127 821 258 918 Teque
282 811 503 903 Serenissitne
533 823 765 904 PRINCEPS
790 834 997 907 hereditarie!
1031 829 1085 906 vi·

130 925 254 998 demus
286 939 332 1000 ex
362 923 498 1018 duplici
527 938 599 999 tom
627 926 797 1022 generosa
825 923 935 1026 stirpe
963 930 1087 1005 oriun-

125 1023 233 1096 dum!
279 1022 481 1116 precipue,
516 1039 625 1116 quum
665 1023 852 1118 insupera
883 1027 1089 1104 tenerrimii

129 1119 255 1210 ennis,
283 1121 512 1194 institutione
540 1133 610 1198 tum
645 1119 819 1216 sapienti,
855 1138 1022 1200 accurate
1054 1121 1089 1198 u

129 1232 293 1306 maturo,
326 1215 513 1292 utitiffinis
540 1217 742 1312 quibusque
767 1219 943 1298 dobirinis
974 1223 1088 1300 fueris

132 1315 330 1390 innutritus
353 1315 391 1390 in
414 1314 531 1412 iisque
556 1318 786 1395 exercitatus.
1022 1352 1024 1356 ·

48 1539 172 1624 Nonne
195 1545 409 1624 felicitatem
435 1545 589 1645 posteris
613 1507 767 1642 nostris,
809 1542 895 1626 Tuo
931 1555 1086 1654 imperio

130 1648 324 1742 aliquando
348 1643 536 1742 subieiiis,
565 1651 730 1746 augurari
756 1649 955 1728 debemus?

49 1865 119 1966 Tu,
144 1873 320 1966 Princeps
341 1865 629 1948 clementiffimei
661 1871 778 1970 aperis
804 1875 934 1970 nobis,
973 1879 1089 1972 prima

128 1965 213 2046 Tua
257 1967 467 2064 presentie,
507 1972 651 2063 januum
698 1972 912 2047 futurorum·
946 1987 1087 2072 tempo*

131 2091 230 2160 sum,
267 2080 310 2145 ut
336 2087 383 2140 eo
409 2075 531 2143 memte
553 2067 760 2162 prospicere
787 2089 976 2159 queamus,
1015 2096 1088 2165 quo

127 2164 324 2262 pervenire
362 2165 473 2240 nobit
500 2179 577 2240 nou
609 2166 722 2258 iicet,
748 2165 811 2240 ubi
834 2163 917 2258 Tu,
943 2170 1087 2244 redimi-

126 2277 183 2340 tus
201 2262 355 2338 Corone
372 2261 634 2368 §uiogotbica,
660 2261 877 2356 nepotibus,
905 2265 962 2356 bt,
990 2271 1088 2360 quod

128 2377 322 2456 optamus,
345 2357 611 2452 pronepotibus
636 2361 767 2436 nostris
791 2360 1004 2456 imperabis,
1028 2365 1089 2442 iis·

128 2479 222 2554 que,
259 2457 320 2550 qui
350 2455 498 2530 scientie
520 2449 641 2532 semet
670 2458 799 2556 dignos
829 2461 1005 2555 reddunt,
1036 2465 1088 2540 ie·

64 2564 70 2568 “
96 2563 98 2568 ’
126 2556 213 2631 licia
238 2552 429 2630 distribues
454 2553 547 2628 fetui

125 2701 382 2802 Relinquimus
413 2704 500 2799 ideo
534 2723 636 2794 eos,
656 2701 741 2779 dum
774 2675 950 2783 mundum
970 2714 1088 2788 seiin·

98 2805 292 2898 quimus,
321 2817 403 2878 cum
425 2793 579 2891 fiducia,
607 2803 680 2877 leti
706 2825 747 2877 ac
775 2807 963 2896 contenti,
989 2807 1088 2883 enm
1186 2811 1191 2818 “

127 2901 221 2998 cipis
250 2914 322 2975 tem
347 2901 420 2974 cari
445 2897 719 2992 providentie,
754 2903 815 2995 qui
839 2913 1004 3000 tempore
1030 2913 1088 2980 ed·

128 2997 201 3074 buc
226 2997 375 3074 clariori
397 2989 534 3092 sceptro
560 2995 725 3092 copeii'et.
800 3079 816 3114 ⁸
862 3035 899 3048 .,
1145 3009 1148 3014 “

126 3147 255 3245 Maiis
284 3149 421 3224 virtuto
453 3147 560 3242 Tua,
592 3151 727 3224 multos
761 3147 1008 3229 &iaetissimos
1037 3155 1094 3254 vi(

127 3248 212 3322 deus
241 3246 338 3324 diesi
424 3246 426 3250 ’

20 3435 24 3478 ’
515 3431 592 3590 u

46 3679 157 3781 Quum
181 3679 267 3781 Tu,
300 3651 854 3764 PRINcuPs'etenentiffini!
896 3697 964 3760 ceu
998 3679 1094 3762 inci»,

129 3785 264 3862 diffimo
286 3787 407 3878 stella,
444 3783 521 3879 que
554 3805 586 3858 a.
606 3783 832 3880 fulgidissimo
864 3782 937 3857 soie
971 3781 1090 3859 iucem
1129 3837 1131 3843 .

129 3879 274 3978 accepit
301 3885 335 3957 bt
361 3883 609 3980 splendorem,
645 3883 682 3958 in
714 3881 839 3956 nostro
875 3879 973 3954 colo
995 3879 1096 3952 orio,

125 3981 201 4073 .ris;
243 3979 332 4063 illud
353 3997 508 4078 quoquo
544 3997 681 4078 genus,
722 3977 824 4074 quod·
856 3977 943 4053 elias
978 3970 1123 4149 mags
