<?xml version="1.0" encoding="UTF-8"?>
<!DOCTYPE html PUBLIC "-//W3C//DTD XHTML 1.0 Transitional//EN"
    "http://www.w3.org/TR/xhtml1/DTD/xhtml1-transitional.dtd">
<html xmlns="http://www.w3.org/1999/xhtml" xml:lang="en" lang="en">
 <head>
  <title>
</title>
<meta http-equiv="Content-Type" content="text/html;charset=utf-8" />
  <meta name='ocr-system' content='tesseract 3.04.00' />
  <meta name='ocr-capabilities' content='ocr_page ocr_carea ocr_par ocr_line ocrx_word'/>
</head>
<body>
  <div class='ocr_page' id='page_1' title='image "./carolialinnequi04schrgoog_0139.png"; bbox 0 0 2700 4828; ppageno 0'>
   <div class='ocr_carea' id='block_1_1' title="bbox 265 197 1274 354">
    <p class='ocr_par' dir='ltr' id='par_1_1' title="bbox 265 197 1274 354">
     <span class='ocr_line' id='line_1_1' title="bbox 265 197 1274 354; baseline -0.007 -22"><span class='ocrx_word' id='word_1_1' title='bbox 265 259 335 339; x_wconf 78' lang='lat' dir='ltr'>ne</span> <span class='ocrx_word' id='word_1_2' title='bbox 358 244 676 354; x_wconf 76' lang='lat' dir='ltr'>utsoursmo</span> <span class='ocrx_word' id='word_1_3' title='bbox 692 245 910 326; x_wconf 78' lang='lat' dir='ltr'>nnsrxu</span> <span class='ocrx_word' id='word_1_4' title='bbox 928 197 1274 328; x_wconf 75' lang='lat' dir='ltr'>bumannum.</span> 
     </span>
    </p>
   </div>
   <div class='ocr_carea' id='block_1_2' title="bbox 262 427 1313 524">
    <p class='ocr_par' dir='ltr' id='par_1_2' title="bbox 262 322 1345 524">
     <span class='ocr_line' id='line_1_2' title="bbox 262 427 1313 524; baseline -0.002 -18"><span class='ocrx_word' id='word_1_5' title='bbox 262 429 344 506; x_wconf 93' lang='lat' dir='ltr'>dem</span> <span class='ocrx_word' id='word_1_6' title='bbox 376 451 531 524; x_wconf 84' lang='lat' dir='ltr'>genere,</span> <span class='ocrx_word' id='word_1_7' title='bbox 566 428 701 522; x_wconf 79' lang='lat' dir='ltr'>speeies</span> <span class='ocrx_word' id='word_1_8' title='bbox 734 428 845 504; x_wconf 91' lang='lat' dir='ltr'>initio</span> <span class='ocrx_word' id='word_1_9' title='bbox 879 449 955 506; x_wconf 89' lang='lat' dir='ltr'>non</span> <span class='ocrx_word' id='word_1_10' title='bbox 989 427 1060 506; x_wconf 87' lang='lat' dir='ltr'>nili·</span> <span class='ocrx_word' id='word_1_11' title='bbox 1082 429 1313 522; x_wconf 78' lang='lat' dir='ltr'>unamplan·</span> 
     </span>
    </p>
   </div>
   <div class='ocr_carea' id='block_1_3' title="bbox 152 525 1349 2867">
    <p class='ocr_par' dir='ltr' id='par_1_3' title="bbox 256 525 1346 1892">
     <span class='ocr_line' id='line_1_3' title="bbox 261 525 1345 623; baseline -0.006 -17"><span class='ocrx_word' id='word_1_12' title='bbox 261 541 335 606; x_wconf 86' lang='lat' dir='ltr'>tam</span> <span class='ocrx_word' id='word_1_13' title='bbox 362 527 485 614; x_wconf 83' lang='lat' dir='ltr'>fuisse,</span> <span class='ocrx_word' id='word_1_14' title='bbox 512 526 546 600; x_wconf 79' lang='lat' dir='ltr'>du</span> <span class='ocrx_word' id='word_1_15' title='bbox 570 548 615 600; x_wconf 81' lang='lat' dir='ltr'>ex</span> <span class='ocrx_word' id='word_1_16' title='bbox 635 526 712 604; x_wconf 83' lang='lat' dir='ltr'>bac</span> <span class='ocrx_word' id='word_1_17' title='bbox 734 527 972 623; x_wconf 80' lang='lat' dir='ltr'>generatione</span> <span class='ocrx_word' id='word_1_18' title='bbox 992 527 1144 621; x_wconf 81' lang='lat' dir='ltr'>hybrida</span> <span class='ocrx_word' id='word_1_19' title='bbox 1165 543 1317 602; x_wconf 81' lang='lat' dir='ltr'>exortas</span> <span class='ocrx_word' id='word_1_20' title='bbox 1344 525 1345 582; x_wconf 64' lang='grc' dir='ltr'><em>ἴ</em></span> 
     </span>
     <span class='ocr_line' id='line_1_4' title="bbox 256 623 1345 718; baseline 0.004 -24"><span class='ocrx_word' id='word_1_21' title='bbox 256 624 344 706; x_wconf 80' lang='lat' dir='ltr'>elie.</span> <span class='ocrx_word' id='word_1_22' title='bbox 384 626 524 712; x_wconf 79' lang='lat' dir='ltr'>Multa</span> <span class='ocrx_word' id='word_1_23' title='bbox 545 625 606 696; x_wconf 89' lang='lat' dir='ltr'>illa</span> <span class='ocrx_word' id='word_1_24' title='bbox 640 625 782 700; x_wconf 78' lang='lat' dir='ltr'><em>Gerania</em></span> <span class='ocrx_word' id='word_1_25' title='bbox 805 623 973 717; x_wconf 72' lang='lat' dir='ltr'>assiccata,</span> <span class='ocrx_word' id='word_1_26' title='bbox 1007 646 1085 718; x_wconf 80' lang='lat' dir='ltr'>que</span> <span class='ocrx_word' id='word_1_27' title='bbox 1116 626 1246 700; x_wconf 87' lang='lat' dir='ltr'>omnia</span> <span class='ocrx_word' id='word_1_28' title='bbox 1277 623 1318 698; x_wconf 92' lang='lat' dir='ltr'>ad</span> <span class='ocrx_word' id='word_1_29' title='bbox 1344 641 1345 648; x_wconf 65' lang='lat'>‘</span> 
     </span>
     <span class='ocr_line' id='line_1_5' title="bbox 260 721 1318 820; baseline -0.004 -20"><span class='ocrx_word' id='word_1_30' title='bbox 260 723 554 820; x_wconf 83' lang='lat' dir='ltr'>promontorium</span> <span class='ocrx_word' id='word_1_31' title='bbox 582 721 692 796; x_wconf 86' lang='lat' dir='ltr'>Bonae</span> <span class='ocrx_word' id='word_1_32' title='bbox 719 721 790 815; x_wconf 91' lang='lat' dir='ltr'>spei</span> <span class='ocrx_word' id='word_1_33' title='bbox 807 722 1002 813; x_wconf 79' lang='lat' dir='ltr'>crescunt,</span> <span class='ocrx_word' id='word_1_34' title='bbox 1033 743 1103 796; x_wconf 92' lang='lat' dir='ltr'>nec</span> <span class='ocrx_word' id='word_1_35' title='bbox 1127 721 1188 798; x_wconf 89' lang='lat' dir='ltr'>sua</span> <span class='ocrx_word' id='word_1_36' title='bbox 1211 721 1318 815; x_wconf 87' lang='lat' dir='ltr'>spon·</span> 
     </span>
     <span class='ocr_line' id='line_1_6' title="bbox 260 811 1317 918; baseline 0.001 -23"><span class='ocrx_word' id='word_1_37' title='bbox 260 837 300 895; x_wconf 87' lang='lat' dir='ltr'>te</span> <span class='ocrx_word' id='word_1_38' title='bbox 340 834 440 896; x_wconf 88' lang='lat' dir='ltr'>extra</span> <span class='ocrx_word' id='word_1_39' title='bbox 480 817 643 892; x_wconf 88' lang='lat' dir='ltr'>Africam</span> <span class='ocrx_word' id='word_1_40' title='bbox 677 819 950 918; x_wconf 68' lang='lat' dir='ltr'>meridionalem</span> <span class='ocrx_word' id='word_1_41' title='bbox 990 819 1118 894; x_wconf 89' lang='lat' dir='ltr'>vivere</span> <span class='ocrx_word' id='word_1_42' title='bbox 1156 811 1317 913; x_wconf 81' lang='lat' dir='ltr'>unquam</span> 
     </span>
     <span class='ocr_line' id='line_1_7' title="bbox 260 917 1346 1010; baseline -0.002 -17"><span class='ocrx_word' id='word_1_43' title='bbox 260 918 336 993; x_wconf 89' lang='lat' dir='ltr'>visa</span> <span class='ocrx_word' id='word_1_44' title='bbox 366 919 468 1010; x_wconf 89' lang='lat' dir='ltr'>sunt,</span> <span class='ocrx_word' id='word_1_45' title='bbox 495 938 643 1010; x_wconf 78' lang='lat' dir='ltr'>queque</span> <span class='ocrx_word' id='word_1_46' title='bbox 668 928 709 990; x_wconf 89' lang='lat' dir='ltr'>ut</span> <span class='ocrx_word' id='word_1_47' title='bbox 731 935 752 990; x_wconf 84' lang='lat' dir='ltr'>a</span> <span class='ocrx_word' id='word_1_48' title='bbox 777 917 926 1010; x_wconf 74' lang='lat' dir='ltr'>reliquis</span> <span class='ocrx_word' id='word_1_49' title='bbox 950 917 1119 992; x_wconf 87' lang='lat' dir='ltr'>omnibus</span> <span class='ocrx_word' id='word_1_50' title='bbox 1144 917 1315 992; x_wconf 87' lang='lat' dir='ltr'>Geraniis</span> <span class='ocrx_word' id='word_1_51' title='bbox 1345 985 1346 1010; x_wconf 60' lang='lat'>,</span> 
     </span>
     <span class='ocr_line' id='line_1_8' title="bbox 259 1013 1346 1110; baseline -0.008 -19"><span class='ocrx_word' id='word_1_52' title='bbox 259 1016 434 1093; x_wconf 88' lang='lat' dir='ltr'>differunt</span> <span class='ocrx_word' id='word_1_53' title='bbox 458 1015 582 1106; x_wconf 87' lang='lat' dir='ltr'>calyce</span> <span class='ocrx_word' id='word_1_54' title='bbox 607 1013 871 1110; x_wconf 86' lang='lat' dir='ltr'>monophyllo,</span> <span class='ocrx_word' id='word_1_55' title='bbox 902 1015 1115 1109; x_wconf 84' lang='lat' dir='ltr'>pedunculis</span> <span class='ocrx_word' id='word_1_56' title='bbox 1140 1015 1313 1090; x_wconf 86' lang='lat' dir='ltr'>multiflo·</span> <span class='ocrx_word' id='word_1_57' title='bbox 1345 1019 1346 1082; x_wconf 90' lang='lat' dir='ltr'>l</span> 
     </span>
     <span class='ocr_line' id='line_1_9' title="bbox 260 1109 1307 1208; baseline -0.004 -18"><span class='ocrx_word' id='word_1_58' title='bbox 260 1114 333 1205; x_wconf 90' lang='lat' dir='ltr'>tis,</span> <span class='ocrx_word' id='word_1_59' title='bbox 357 1113 496 1186; x_wconf 89' lang='lat' dir='ltr'>corolla</span> <span class='ocrx_word' id='word_1_60' title='bbox 515 1111 721 1208; x_wconf 85' lang='lat' dir='ltr'>irregulari,</span> <span class='ocrx_word' id='word_1_61' title='bbox 739 1109 948 1207; x_wconf 86' lang='lat' dir='ltr'>staminibus</span> <span class='ocrx_word' id='word_1_62' title='bbox 966 1113 1097 1207; x_wconf 84' lang='lat' dir='ltr'>septem</span> <span class='ocrx_word' id='word_1_63' title='bbox 1116 1111 1307 1202; x_wconf 85' lang='lat' dir='ltr'>fertilibus,</span> 
     </span>
     <span class='ocr_line' id='line_1_10' title="bbox 259 1207 1303 1304; baseline -0.004 -16"><span class='ocrx_word' id='word_1_64' title='bbox 259 1210 295 1288; x_wconf 75' lang='lat' dir='ltr'>aa</span> <span class='ocrx_word' id='word_1_65' title='bbox 325 1210 441 1286; x_wconf 86' lang='lat' dir='ltr'>tribus</span> <span class='ocrx_word' id='word_1_66' title='bbox 470 1209 651 1299; x_wconf 84' lang='lat' dir='ltr'>castratis,</span> <span class='ocrx_word' id='word_1_67' title='bbox 679 1208 880 1284; x_wconf 81' lang='lat' dir='ltr'>seminibus</span> <span class='ocrx_word' id='word_1_68' title='bbox 895 1232 973 1286; x_wconf 89' lang='lat' dir='ltr'>non</span> <span class='ocrx_word' id='word_1_69' title='bbox 991 1211 1236 1304; x_wconf 62' lang='lat' dir='ltr'>‚calyptratis,</span> <span class='ocrx_word' id='word_1_70' title='bbox 1255 1207 1303 1284; x_wconf 89' lang='lat' dir='ltr'>sed</span> 
     </span>
     <span class='ocr_line' id='line_1_11' title="bbox 260 1305 1305 1400; baseline -0.001 -15"><span class='ocrx_word' id='word_1_71' title='bbox 260 1309 365 1390; x_wconf 85' lang='lat' dir='ltr'>arista</span> <span class='ocrx_word' id='word_1_72' title='bbox 396 1305 508 1400; x_wconf 86' lang='lat' dir='ltr'>pilosa</span> <span class='ocrx_word' id='word_1_73' title='bbox 544 1305 746 1399; x_wconf 64' lang='lat' dir='ltr'>instrudiise</span> <span class='ocrx_word' id='word_1_74' title='bbox 776 1305 826 1381; x_wconf 88' lang='lat' dir='ltr'>ita</span> <span class='ocrx_word' id='word_1_75' title='bbox 857 1306 894 1382; x_wconf 91' lang='lat' dir='ltr'>in</span> <span class='ocrx_word' id='word_1_76' title='bbox 930 1307 984 1383; x_wconf 90' lang='lat' dir='ltr'>his</span> <span class='ocrx_word' id='word_1_77' title='bbox 1012 1307 1181 1382; x_wconf 87' lang='lat' dir='ltr'>omnibus</span> <span class='ocrx_word' id='word_1_78' title='bbox 1217 1307 1305 1384; x_wconf 85' lang='lat' dir='ltr'>notit</span> 
     </span>
     <span class='ocr_line' id='line_1_12' title="bbox 259 1403 1312 1501; baseline -0.004 -19"><span class='ocrx_word' id='word_1_79' title='bbox 259 1409 357 1482; x_wconf 88' lang='lat' dir='ltr'>inter</span> <span class='ocrx_word' id='word_1_80' title='bbox 381 1406 414 1479; x_wconf 86' lang='lat' dir='ltr'>se</span> <span class='ocrx_word' id='word_1_81' title='bbox 438 1404 692 1498; x_wconf 87' lang='lat' dir='ltr'>consentiunt,</span> <span class='ocrx_word' id='word_1_82' title='bbox 721 1406 953 1501; x_wconf 85' lang='lat' dir='ltr'>quantumvis</span> <span class='ocrx_word' id='word_1_83' title='bbox 981 1406 1123 1492; x_wconf 77' lang='lat' dir='ltr'>radice,</span> <span class='ocrx_word' id='word_1_84' title='bbox 1147 1407 1258 1480; x_wconf 89' lang='lat' dir='ltr'>caule</span> <span class='ocrx_word' id='word_1_85' title='bbox 1282 1403 1312 1478; x_wconf 80' lang='lat' dir='ltr'>u</span> 
     </span>
     <span class='ocr_line' id='line_1_13' title="bbox 259 1501 1312 1596; baseline -0.004 -16"><span class='ocrx_word' id='word_1_86' title='bbox 259 1505 360 1580; x_wconf 81' lang='lat' dir='ltr'>soliis</span> <span class='ocrx_word' id='word_1_87' title='bbox 389 1501 582 1578; x_wconf 82' lang='lat' dir='ltr'>dissimilia:</span> <span class='ocrx_word' id='word_1_88' title='bbox 618 1504 715 1596; x_wconf 83' lang='lat' dir='ltr'>haec,</span> <span class='ocrx_word' id='word_1_89' title='bbox 743 1504 912 1596; x_wconf 85' lang='lat' dir='ltr'>inquam,</span> <span class='ocrx_word' id='word_1_90' title='bbox 945 1506 1086 1580; x_wconf 83' lang='lat' dir='ltr'>Gerania</span> <span class='ocrx_word' id='word_1_91' title='bbox 1109 1503 1222 1577; x_wconf 87' lang='lat' dir='ltr'>facile</span> <span class='ocrx_word' id='word_1_92' title='bbox 1246 1504 1312 1576; x_wconf 93' lang='lat' dir='ltr'>Bo·</span> 
     </span>
     <span class='ocr_line' id='line_1_14' title="bbox 259 1601 1312 1695; baseline -0.004 -15"><span class='ocrx_word' id='word_1_93' title='bbox 259 1603 403 1680; x_wconf 81' lang='lat' dir='ltr'>tetricos</span> <span class='ocrx_word' id='word_1_94' title='bbox 435 1603 638 1693; x_wconf 89' lang='lat' dir='ltr'>adducent,</span> <span class='ocrx_word' id='word_1_95' title='bbox 683 1615 724 1677; x_wconf 89' lang='lat' dir='ltr'>ut</span> <span class='ocrx_word' id='word_1_96' title='bbox 759 1601 930 1692; x_wconf 83' lang='lat' dir='ltr'>credant,</span> <span class='ocrx_word' id='word_1_97' title='bbox 975 1601 1111 1695; x_wconf 88' lang='lat' dir='ltr'>species</span> <span class='ocrx_word' id='word_1_98' title='bbox 1149 1601 1312 1693; x_wconf 86' lang='lat' dir='ltr'>ejusdem</span> 
     </span>
     <span class='ocr_line' id='line_1_15' title="bbox 258 1697 1313 1798; baseline -0.002 -24"><span class='ocrx_word' id='word_1_99' title='bbox 258 1701 402 1798; x_wconf 85' lang='lat' dir='ltr'>generis</span> <span class='ocrx_word' id='word_1_100' title='bbox 423 1700 461 1774; x_wconf 89' lang='lat' dir='ltr'>in</span> <span class='ocrx_word' id='word_1_101' title='bbox 490 1699 751 1794; x_wconf 83' lang='lat' dir='ltr'>vegetabilibus</span> <span class='ocrx_word' id='word_1_102' title='bbox 776 1697 844 1774; x_wconf 84' lang='lat' dir='ltr'>eise</span> <span class='ocrx_word' id='word_1_103' title='bbox 865 1697 1020 1774; x_wconf 86' lang='lat' dir='ltr'>diversas</span> <span class='ocrx_word' id='word_1_104' title='bbox 1038 1701 1211 1792; x_wconf 75' lang='lat' dir='ltr'>plantas,</span> <span class='ocrx_word' id='word_1_105' title='bbox 1226 1709 1313 1792; x_wconf 91' lang='lat' dir='ltr'>quot</span> 
     </span>
     <span class='ocr_line' id='line_1_16' title="bbox 257 1795 1313 1892; baseline -0.004 -18"><span class='ocrx_word' id='word_1_106' title='bbox 257 1801 300 1874; x_wconf 89' lang='lat' dir='ltr'>iu</span> <span class='ocrx_word' id='word_1_107' title='bbox 331 1817 401 1872; x_wconf 86' lang='lat' dir='ltr'>una</span> <span class='ocrx_word' id='word_1_108' title='bbox 429 1798 546 1892; x_wconf 83' lang='lat' dir='ltr'>specie</span> <span class='ocrx_word' id='word_1_109' title='bbox 575 1795 704 1872; x_wconf 88' lang='lat' dir='ltr'>florum</span> <span class='ocrx_word' id='word_1_110' title='bbox 726 1798 1007 1876; x_wconf 87' lang='lat' dir='ltr'>commixtiones</span> <span class='ocrx_word' id='word_1_111' title='bbox 1037 1795 1136 1872; x_wconf 79' lang='lat' dir='ltr'>falle</span> <span class='ocrx_word' id='word_1_112' title='bbox 1160 1795 1255 1888; x_wconf 90' lang='lat' dir='ltr'>lint,</span> <span class='ocrx_word' id='word_1_113' title='bbox 1284 1797 1313 1870; x_wconf 80' lang='lat' dir='ltr'>dt</span> 
     </span>
    </p>

    <p class='ocr_par' dir='ltr' id='par_1_4' title="bbox 152 1891 1349 2867">
     <span class='ocr_line' id='line_1_17' title="bbox 152 1891 1348 1993; baseline -0.003 -23"><span class='ocrx_word' id='word_1_114' title='bbox 152 1981 155 1993; x_wconf 28' lang='grc' dir='ltr'>ι</span> <span class='ocrx_word' id='word_1_115' title='bbox 258 1893 409 1973; x_wconf 86' lang='lat' dir='ltr'>vicillim</span> <span class='ocrx_word' id='word_1_116' title='bbox 435 1917 567 1991; x_wconf 87' lang='lat' dir='ltr'>genera</span> <span class='ocrx_word' id='word_1_117' title='bbox 594 1895 648 1971; x_wconf 92' lang='lat' dir='ltr'>nil</span> <span class='ocrx_word' id='word_1_118' title='bbox 680 1894 776 1968; x_wconf 93' lang='lat' dir='ltr'>aliud</span> <span class='ocrx_word' id='word_1_119' title='bbox 808 1893 900 1987; x_wconf 83' lang='lat' dir='ltr'>elie,</span> <span class='ocrx_word' id='word_1_120' title='bbox 939 1917 1043 1989; x_wconf 88' lang='lat' dir='ltr'>quam</span> <span class='ocrx_word' id='word_1_121' title='bbox 1080 1896 1225 1990; x_wconf 86' lang='lat' dir='ltr'>plantas</span> <span class='ocrx_word' id='word_1_122' title='bbox 1259 1915 1312 1967; x_wconf 89' lang='lat' dir='ltr'>ea·</span> <span class='ocrx_word' id='word_1_123' title='bbox 1347 1891 1348 1934; x_wconf 71' lang='lat' dir='ltr'>l</span> 
     </span>
     <span class='ocr_line' id='line_1_18' title="bbox 259 1991 1312 2088; baseline -0.006 -16"><span class='ocrx_word' id='word_1_124' title='bbox 259 1994 501 2086; x_wconf 78' lang='lat' dir='ltr'>dem&#39;matre,</span> <span class='ocrx_word' id='word_1_125' title='bbox 533 2008 570 2068; x_wconf 90' lang='lat' dir='ltr'>at</span> <span class='ocrx_word' id='word_1_126' title='bbox 591 1992 738 2068; x_wconf 86' lang='lat' dir='ltr'>diverfis</span> <span class='ocrx_word' id='word_1_127' title='bbox 759 1995 944 2088; x_wconf 89' lang='lat' dir='ltr'>patribus,</span> <span class='ocrx_word' id='word_1_128' title='bbox 971 2006 1082 2072; x_wconf 89' lang='lat' dir='ltr'>ortas.</span> <span class='ocrx_word' id='word_1_129' title='bbox 1134 1991 1210 2080; x_wconf 81' lang='lat' dir='ltr'>Aa,</span> <span class='ocrx_word' id='word_1_130' title='bbox 1230 2011 1312 2066; x_wconf 89' lang='lat' dir='ltr'>num</span> 
     </span>
     <span class='ocr_line' id='line_1_19' title="bbox 259 2087 1309 2187; baseline -0.006 -17"><span class='ocrx_word' id='word_1_131' title='bbox 259 2113 388 2170; x_wconf 89' lang='lat' dir='ltr'>omnes</span> <span class='ocrx_word' id='word_1_132' title='bbox 417 2092 470 2165; x_wconf 86' lang='lat' dir='ltr'>hae</span> <span class='ocrx_word' id='word_1_133' title='bbox 494 2091 628 2187; x_wconf 88' lang='lat' dir='ltr'>species</span> <span class='ocrx_word' id='word_1_134' title='bbox 654 2091 829 2186; x_wconf 87' lang='lat' dir='ltr'>temporis</span> <span class='ocrx_word' id='word_1_135' title='bbox 856 2087 938 2166; x_wconf 85' lang='lat' dir='ltr'>liliae</span> <span class='ocrx_word' id='word_1_136' title='bbox 965 2089 1052 2179; x_wconf 81' lang='lat' dir='ltr'>int,</span> <span class='ocrx_word' id='word_1_137' title='bbox 1084 2111 1128 2164; x_wconf 90' lang='lat' dir='ltr'>an</span> <span class='ocrx_word' id='word_1_138' title='bbox 1156 2111 1250 2164; x_wconf 87' lang='lat' dir='ltr'>vero</span> <span class='ocrx_word' id='word_1_139' title='bbox 1273 2087 1309 2164; x_wconf 87' lang='lat' dir='ltr'>in</span> 
     </span>
     <span class='ocr_line' id='line_1_20' title="bbox 260 2187 1302 2285; baseline -0.008 -19"><span class='ocrx_word' id='word_1_140' title='bbox 260 2191 339 2285; x_wconf 87' lang='lat' dir='ltr'>ipso</span> <span class='ocrx_word' id='word_1_141' title='bbox 376 2211 492 2264; x_wconf 88' lang='lat' dir='ltr'>rerum</span> <span class='ocrx_word' id='word_1_142' title='bbox 532 2189 733 2282; x_wconf 88' lang='lat' dir='ltr'>primordio</span> <span class='ocrx_word' id='word_1_143' title='bbox 767 2189 829 2261; x_wconf 89' lang='lat' dir='ltr'>has</span> <span class='ocrx_word' id='word_1_144' title='bbox 866 2187 945 2262; x_wconf 89' lang='lat' dir='ltr'>vias</span> <span class='ocrx_word' id='word_1_145' title='bbox 975 2187 1127 2263; x_wconf 83' lang='lat' dir='ltr'>definito</span> <span class='ocrx_word' id='word_1_146' title='bbox 1156 2187 1302 2280; x_wconf 91' lang='lat' dir='ltr'>quodam</span> 
     </span>
     <span class='ocr_line' id='line_1_21' title="bbox 259 2283 1298 2386; baseline -0.009 -22"><span class='ocrx_word' id='word_1_147' title='bbox 259 2289 456 2386; x_wconf 86' lang='lat' dir='ltr'>specierum</span> <span class='ocrx_word' id='word_1_148' title='bbox 479 2307 631 2362; x_wconf 89' lang='lat' dir='ltr'>numero</span> <span class='ocrx_word' id='word_1_149' title='bbox 655 2283 807 2360; x_wconf 84' lang='lat' dir='ltr'>Creator</span> <span class='ocrx_word' id='word_1_150' title='bbox 837 2285 1072 2375; x_wconf 90' lang='lat' dir='ltr'>limitaverit,</span> <span class='ocrx_word' id='word_1_151' title='bbox 1097 2298 1203 2360; x_wconf 89' lang='lat' dir='ltr'>certo</span> <span class='ocrx_word' id='word_1_152' title='bbox 1225 2303 1298 2376; x_wconf 88' lang='lat' dir='ltr'>pro·</span> 
     </span>
     <span class='ocr_line' id='line_1_22' title="bbox 257 2377 1349 2480; baseline -0.005 -19"><span class='ocrx_word' id='word_1_153' title='bbox 257 2385 435 2462; x_wconf 83' lang='lat' dir='ltr'>nunciare</span> <span class='ocrx_word' id='word_1_154' title='bbox 475 2407 549 2460; x_wconf 90' lang='lat' dir='ltr'>non</span> <span class='ocrx_word' id='word_1_155' title='bbox 590 2382 719 2458; x_wconf 82' lang='lat' dir='ltr'>audeo.</span> <span class='ocrx_word' id='word_1_156' title='bbox 778 2381 818 2457; x_wconf 91' lang='lat' dir='ltr'>Id</span> <span class='ocrx_word' id='word_1_157' title='bbox 842 2399 960 2460; x_wconf 87' lang='lat' dir='ltr'>autem</span> <span class='ocrx_word' id='word_1_158' title='bbox 989 2383 1189 2478; x_wconf 87' lang='lat' dir='ltr'>persuasum</span> <span class='ocrx_word' id='word_1_159' title='bbox 1225 2377 1307 2455; x_wconf 80' lang='lat' dir='ltr'>mibi</span> <span class='ocrx_word' id='word_1_160' title='bbox 1348 2414 1349 2480; x_wconf 64' lang='lat' dir='ltr'>l</span> 
     </span>
     <span class='ocr_line' id='line_1_23' title="bbox 260 2480 1349 2574; baseline -0.005 -18"><span class='ocrx_word' id='word_1_161' title='bbox 260 2481 460 2574; x_wconf 82' lang='lat' dir='ltr'>est,·lanc</span> <span class='ocrx_word' id='word_1_162' title='bbox 489 2480 750 2574; x_wconf 85' lang='lat' dir='ltr'>multiplicandi</span> <span class='ocrx_word' id='word_1_163' title='bbox 783 2481 961 2556; x_wconf 83' lang='lat' dir='ltr'>rationem</span> <span class='ocrx_word' id='word_1_164' title='bbox 990 2480 1311 2573; x_wconf 83' lang='lat' dir='ltr'>nature-systema</span> <span class='ocrx_word' id='word_1_165' title='bbox 1348 2513 1349 2522; x_wconf 20' lang='grc' dir='ltr'><strong><em>κ</em></strong></span> 
     </span>
     <span class='ocr_line' id='line_1_24' title="bbox 258 2575 1312 2673; baseline -0.007 -18"><span class='ocrx_word' id='word_1_166' title='bbox 258 2581 295 2655; x_wconf 81' lang='lat' dir='ltr'>dr</span> <span class='ocrx_word' id='word_1_167' title='bbox 321 2581 560 2654; x_wconf 79' lang='lat' dir='ltr'>oeconomiam</span> <span class='ocrx_word' id='word_1_168' title='bbox 587 2600 663 2654; x_wconf 90' lang='lat' dir='ltr'>non</span> <span class='ocrx_word' id='word_1_169' title='bbox 689 2581 839 2670; x_wconf 87' lang='lat' dir='ltr'>tollere,</span> <span class='ocrx_word' id='word_1_170' title='bbox 864 2601 944 2654; x_wconf 91' lang='lat' dir='ltr'>curn</span> <span class='ocrx_word' id='word_1_171' title='bbox 967 2577 1133 2673; x_wconf 89' lang='lat' dir='ltr'>quotidie</span> <span class='ocrx_word' id='word_1_172' title='bbox 1153 2575 1312 2652; x_wconf 87' lang='lat' dir='ltr'>animad-</span> 
     </span>
     <span class='ocr_line' id='line_1_25' title="bbox 258 2675 1315 2773; baseline -0.002 -21"><span class='ocrx_word' id='word_1_173' title='bbox 258 2693 423 2768; x_wconf 87' lang='lat' dir='ltr'>vertam,</span> <span class='ocrx_word' id='word_1_174' title='bbox 453 2676 606 2768; x_wconf 79' lang='lat' dir='ltr'>insedia,</span> <span class='ocrx_word' id='word_1_175' title='bbox 633 2697 710 2770; x_wconf 85' lang='lat' dir='ltr'>quar</span> <span class='ocrx_word' id='word_1_176' title='bbox 740 2698 810 2750; x_wconf 91' lang='lat' dir='ltr'>una</span> <span class='ocrx_word' id='word_1_177' title='bbox 836 2677 953 2771; x_wconf 88' lang='lat' dir='ltr'>specie</span> <span class='ocrx_word' id='word_1_178' title='bbox 976 2676 1119 2773; x_wconf 89' lang='lat' dir='ltr'>generis</span> <span class='ocrx_word' id='word_1_179' title='bbox 1151 2675 1315 2772; x_wconf 85' lang='lat' dir='ltr'>ejusdem</span> 
     </span>
     <span class='ocr_line' id='line_1_26' title="bbox 261 2773 1002 2867; baseline -0.008 -13"><span class='ocrx_word' id='word_1_180' title='bbox 261 2778 427 2867; x_wconf 83' lang='lat' dir='ltr'>aluntur,</span> <span class='ocrx_word' id='word_1_181' title='bbox 451 2778 563 2850; x_wconf 88' lang='lat' dir='ltr'>altera</span> <span class='ocrx_word' id='word_1_182' title='bbox 587 2776 697 2850; x_wconf 87' lang='lat' dir='ltr'>etiam</span> <span class='ocrx_word' id='word_1_183' title='bbox 722 2787 897 2852; x_wconf 88' lang='lat' dir='ltr'>contenta</span> <span class='ocrx_word' id='word_1_184' title='bbox 921 2773 1002 2850; x_wconf 80' lang='lat' dir='ltr'>elle.</span> 
     </span>
    </p>
   </div>
   <div class='ocr_carea' id='block_1_4' title="bbox 184 2943 1316 3262">
    <p class='ocr_par' dir='ltr' id='par_1_5' title="bbox 184 2943 1316 3262">
     <span class='ocr_line' id='line_1_27' title="bbox 359 2943 1316 3070; baseline 0.001 -26"><span class='ocrx_word' id='word_1_185' title='bbox 359 2969 434 3070; x_wconf 76' lang='lat' dir='ltr'>Qui</span> <span class='ocrx_word' id='word_1_186' title='bbox 459 2969 685 3070; x_wconf 64' lang='lat' dir='ltr'>remman</span> <span class='ocrx_word' id='word_1_187' title='bbox 714 2971 860 3070; x_wconf 68' lang='lat' dir='ltr'>asperam</span> <span class='ocrx_word' id='word_1_188' title='bbox 875 2943 936 3044; x_wconf 79' lang='lat' dir='ltr'>vel</span> <span class='ocrx_word' id='word_1_189' title='bbox 955 2967 1060 3044; x_wconf 80' lang='lat' dir='ltr'>semer</span> <span class='ocrx_word' id='word_1_190' title='bbox 1077 2965 1194 3058; x_wconf 74' lang='lat' dir='ltr'>viare,</span> <span class='ocrx_word' id='word_1_191' title='bbox 1221 2968 1316 3062; x_wconf 70' lang='lat' dir='ltr'>ejur-</span> 
     </span>
     <span class='ocr_line' id='line_1_28' title="bbox 261 3065 1316 3165; baseline -0.002 -20"><span class='ocrx_word' id='word_1_192' title='bbox 261 3090 332 3165; x_wconf 85' lang='lat' dir='ltr'>que</span> <span class='ocrx_word' id='word_1_193' title='bbox 357 3069 509 3163; x_wconf 78' lang='lat' dir='ltr'>spicam,</span> <span class='ocrx_word' id='word_1_194' title='bbox 545 3084 664 3164; x_wconf 85' lang='lat' dir='ltr'>partes</span> <span class='ocrx_word' id='word_1_195' title='bbox 687 3069 810 3158; x_wconf 86' lang='lat' dir='ltr'>floris,</span> <span class='ocrx_word' id='word_1_196' title='bbox 841 3069 988 3144; x_wconf 87' lang='lat' dir='ltr'>minima</span> <span class='ocrx_word' id='word_1_197' title='bbox 1018 3068 1124 3140; x_wconf 89' lang='lat' dir='ltr'>etiam</span> <span class='ocrx_word' id='word_1_198' title='bbox 1147 3065 1316 3161; x_wconf 82' lang='lat' dir='ltr'>&amp;pecu</span> 
     </span>
     <span class='ocr_line' id='line_1_29' title="bbox 184 3163 1316 3262; baseline -0.004 -19"><span class='ocrx_word' id='word_1_199' title='bbox 184 3213 186 3218; x_wconf 93' lang='lat'>·</span> <span class='ocrx_word' id='word_1_200' title='bbox 261 3170 361 3243; x_wconf 90' lang='lat' dir='ltr'>liaris</span> <span class='ocrx_word' id='word_1_201' title='bbox 389 3167 513 3242; x_wconf 80' lang='lat' dir='ltr'>forme</span> <span class='ocrx_word' id='word_1_202' title='bbox 538 3166 708 3257; x_wconf 73' lang='lat' dir='ltr'>mellaria,</span> <span class='ocrx_word' id='word_1_203' title='bbox 736 3180 843 3262; x_wconf 89' lang='lat' dir='ltr'>atque</span> <span class='ocrx_word' id='word_1_204' title='bbox 864 3168 1008 3258; x_wconf 91' lang='lat' dir='ltr'>calyces</span> <span class='ocrx_word' id='word_1_205' title='bbox 1027 3163 1235 3240; x_wconf 75' lang='lat' dir='ltr'>fructiferos</span> <span class='ocrx_word' id='word_1_206' title='bbox 1260 3185 1316 3239; x_wconf 88' lang='lat' dir='ltr'>re·</span> 
     </span>
    </p>
   </div>
   <div class='ocr_carea' id='block_1_5' title="bbox 117 3261 1318 3356">
    <p class='ocr_par' dir='ltr' id='par_1_6' title="bbox 117 3261 1318 3356">
     <span class='ocr_line' id='line_1_30' title="bbox 117 3261 1318 3356; baseline -0.006 -15"><span class='ocrx_word' id='word_1_207' title='bbox 117 3281 120 3286; x_wconf 84' lang='lat'>&#39;</span> <span class='ocrx_word' id='word_1_208' title='bbox 181 3297 183 3302; x_wconf 94' lang='lat'>·</span> <span class='ocrx_word' id='word_1_209' title='bbox 238 3267 402 3356; x_wconf 64' lang='lat' dir='ltr'>flexos,</span> <span class='ocrx_word' id='word_1_210' title='bbox 435 3263 543 3336; x_wconf 89' lang='lat' dir='ltr'>facile</span> <span class='ocrx_word' id='word_1_211' title='bbox 573 3264 757 3354; x_wconf 87' lang='lat' dir='ltr'>crederet,</span> <span class='ocrx_word' id='word_1_212' title='bbox 794 3265 827 3337; x_wconf 88' lang='lat' dir='ltr'>se</span> <span class='ocrx_word' id='word_1_213' title='bbox 859 3264 967 3340; x_wconf 91' lang='lat' dir='ltr'>hosce</span> <span class='ocrx_word' id='word_1_214' title='bbox 991 3263 1101 3342; x_wconf 88' lang='lat' dir='ltr'>flores</span> <span class='ocrx_word' id='word_1_215' title='bbox 1128 3263 1172 3334; x_wconf 92' lang='lat' dir='ltr'>ab</span> <span class='ocrx_word' id='word_1_216' title='bbox 1196 3261 1318 3337; x_wconf 82' lang='lat' dir='ltr'>omni·</span> 
     </span>
    </p>
   </div>
   <div class='ocr_carea' id='block_1_6' title="bbox 216 3357 1316 3652">
    <p class='ocr_par' dir='ltr' id='par_1_7' title="bbox 216 3357 1316 3652">
     <span class='ocr_line' id='line_1_31' title="bbox 262 3357 1316 3456; baseline -0.004 -18"><span class='ocrx_word' id='word_1_217' title='bbox 262 3365 330 3438; x_wconf 89' lang='lat' dir='ltr'>bus</span> <span class='ocrx_word' id='word_1_218' title='bbox 360 3363 398 3438; x_wconf 92' lang='lat' dir='ltr'>in</span> <span class='ocrx_word' id='word_1_219' title='bbox 418 3363 507 3436; x_wconf 90' lang='lat' dir='ltr'>orbe</span> <span class='ocrx_word' id='word_1_220' title='bbox 526 3360 695 3437; x_wconf 89' lang='lat' dir='ltr'>universo</span> <span class='ocrx_word' id='word_1_221' title='bbox 713 3363 814 3436; x_wconf 90' lang='lat' dir='ltr'>nullo</span> <span class='ocrx_word' id='word_1_222' title='bbox 836 3360 988 3456; x_wconf 87' lang='lat' dir='ltr'>negotio</span> <span class='ocrx_word' id='word_1_223' title='bbox 1007 3358 1105 3454; x_wconf 79' lang='lat' dir='ltr'>posse</span> <span class='ocrx_word' id='word_1_224' title='bbox 1120 3357 1316 3456; x_wconf 87' lang='lat' dir='ltr'>distingue·</span> 
     </span>
     <span class='ocr_line' id='line_1_32' title="bbox 216 3459 1315 3554; baseline -0.007 -17"><span class='ocrx_word' id='word_1_225' title='bbox 216 3481 220 3488; x_wconf 88' lang='grc'><strong>’</strong></span> <span class='ocrx_word' id='word_1_226' title='bbox 262 3473 323 3550; x_wconf 77' lang='lat' dir='ltr'>te3</span> <span class='ocrx_word' id='word_1_227' title='bbox 354 3481 435 3534; x_wconf 90' lang='lat' dir='ltr'>cum</span> <span class='ocrx_word' id='word_1_228' title='bbox 460 3482 549 3533; x_wconf 89' lang='lat' dir='ltr'>vero</span> <span class='ocrx_word' id='word_1_229' title='bbox 578 3459 710 3548; x_wconf 87' lang='lat' dir='ltr'>flores,</span> <span class='ocrx_word' id='word_1_230' title='bbox 736 3460 831 3554; x_wconf 86' lang='lat' dir='ltr'>quod</span> <span class='ocrx_word' id='word_1_231' title='bbox 854 3461 897 3532; x_wconf 92' lang='lat' dir='ltr'>ad</span> <span class='ocrx_word' id='word_1_232' title='bbox 918 3459 1082 3532; x_wconf 89' lang='lat' dir='ltr'>minimas</span> <span class='ocrx_word' id='word_1_233' title='bbox 1103 3459 1212 3531; x_wconf 89' lang='lat' dir='ltr'>etiam</span> <span class='ocrx_word' id='word_1_234' title='bbox 1237 3479 1315 3552; x_wconf 87' lang='lat' dir='ltr'>par·</span> 
     </span>
     <span class='ocr_line' id='line_1_33' title="bbox 259 3545 1312 3652; baseline -0.006 -18"><span class='ocrx_word' id='word_1_235' title='bbox 259 3545 413 3646; x_wconf 80' lang='lat' dir='ltr'>tict&#39;rlas,</span> <span class='ocrx_word' id='word_1_236' title='bbox 449 3553 591 3652; x_wconf 84' lang='lat' dir='ltr'>prorsus</span> <span class='ocrx_word' id='word_1_237' title='bbox 620 3557 767 3632; x_wconf 89' lang='lat' dir='ltr'>eosdem</span> <span class='ocrx_word' id='word_1_238' title='bbox 809 3557 846 3632; x_wconf 92' lang='lat' dir='ltr'>iu</span> <span class='ocrx_word' id='word_1_239' title='bbox 876 3557 1084 3651; x_wconf 77' lang='lat' dir='ltr'>Achyrrntbe</span> <span class='ocrx_word' id='word_1_240' title='bbox 1112 3559 1221 3630; x_wconf 82' lang='lat' dir='ltr'>indica</span> <span class='ocrx_word' id='word_1_241' title='bbox 1256 3555 1312 3628; x_wconf 88' lang='lat' dir='ltr'>de·</span> 
     </span>
    </p>
   </div>
   <div class='ocr_carea' id='block_1_7' title="bbox 144 3652 1309 3752">
    <p class='ocr_par' dir='ltr' id='par_1_8' title="bbox 144 3652 1309 3752">
     <span class='ocr_line' id='line_1_34' title="bbox 144 3652 1309 3752; baseline -0.002 -26"><span class='ocrx_word' id='word_1_242' title='bbox 144 3719 147 3726; x_wconf 93' lang='lat'><em>.</em></span> <span class='ocrx_word' id='word_1_243' title='bbox 261 3654 474 3752; x_wconf 86' lang='lat' dir='ltr'>prehendit,</span> <span class='ocrx_word' id='word_1_244' title='bbox 514 3653 570 3729; x_wconf 89' lang='lat' dir='ltr'>sed</span> <span class='ocrx_word' id='word_1_245' title='bbox 603 3653 691 3729; x_wconf 90' lang='lat' dir='ltr'>folia</span> <span class='ocrx_word' id='word_1_246' title='bbox 725 3656 785 3730; x_wconf 88' lang='lat' dir='ltr'>hic</span> <span class='ocrx_word' id='word_1_247' title='bbox 819 3653 947 3746; x_wconf 86' lang='lat' dir='ltr'>cralia,</span> <span class='ocrx_word' id='word_1_248' title='bbox 975 3673 1126 3748; x_wconf 88' lang='lat' dir='ltr'>magna,</span> <span class='ocrx_word' id='word_1_249' title='bbox 1162 3652 1309 3740; x_wconf 87' lang='lat' dir='ltr'>obtusa,</span> 
     </span>
    </p>
   </div>
   <div class='ocr_carea' id='block_1_8' title="bbox 260 3749 1314 3964">
    <p class='ocr_par' dir='ltr' id='par_1_9' title="bbox 260 3749 1314 3964">
     <span class='ocr_line' id='line_1_35' title="bbox 261 3749 1312 3844; baseline -0.006 -16"><span class='ocrx_word' id='word_1_250' title='bbox 261 3754 434 3828; x_wconf 86' lang='lat' dir='ltr'>undulata</span> <span class='ocrx_word' id='word_1_251' title='bbox 461 3752 736 3844; x_wconf 89' lang='lat' dir='ltr'>animadvertit,</span> <span class='ocrx_word' id='word_1_252' title='bbox 760 3753 884 3824; x_wconf 87' lang='lat' dir='ltr'>videre</span> <span class='ocrx_word' id='word_1_253' title='bbox 912 3751 1060 3826; x_wconf 88' lang='lat' dir='ltr'>eandem</span> <span class='ocrx_word' id='word_1_254' title='bbox 1082 3749 1227 3823; x_wconf 88' lang='lat' dir='ltr'>herbam</span> <span class='ocrx_word' id='word_1_255' title='bbox 1252 3750 1312 3824; x_wconf 91' lang='lat' dir='ltr'>libi</span> 
     </span>
     <span class='ocr_line' id='line_1_36' title="bbox 260 3847 1314 3964; baseline -0.005 -38"><span class='ocrx_word' id='word_1_256' title='bbox 260 3851 429 3942; x_wconf 85' lang='lat' dir='ltr'>videtur,</span> <span class='ocrx_word' id='word_1_257' title='bbox 454 3849 514 3926; x_wconf 85' lang='lat' dir='ltr'>sub</span> <span class='ocrx_word' id='word_1_258' title='bbox 533 3853 636 3930; x_wconf 86' lang='lat' dir='ltr'>larva</span> <span class='ocrx_word' id='word_1_259' title='bbox 654 3853 789 3964; x_wconf 79' lang='lat' dir='ltr'>Xutliii</span> <span class='ocrx_word' id='word_1_260' title='bbox 802 3849 990 3964; x_wconf 70' lang='lat' dir='ltr'>strumii.</span> <span class='ocrx_word' id='word_1_261' title='bbox 1032 3847 1088 3924; x_wconf 90' lang='lat' dir='ltr'>Ut</span> <span class='ocrx_word' id='word_1_262' title='bbox 1108 3847 1177 3924; x_wconf 84' lang='lat' dir='ltr'>alia</span> <span class='ocrx_word' id='word_1_263' title='bbox 1201 3848 1314 3924; x_wconf 81' lang='lat' dir='ltr'>multa</span> 
     </span>
    </p>
   </div>
   <div class='ocr_carea' id='block_1_9' title="bbox 261 3963 1313 4154">
    <p class='ocr_par' dir='ltr' id='par_1_10' title="bbox 261 3963 1313 4154">
     <span class='ocr_line' id='line_1_37' title="bbox 261 3963 1245 4048; baseline 0.012 -20"><span class='ocrx_word' id='word_1_264' title='bbox 261 3963 484 4048; x_wconf 83' lang='lat' dir='ltr'>preteream.</span> <span class='ocrx_word' id='word_1_265' title='bbox 785 4021 789 4035; x_wconf 93' lang='lat'><em>.</em></span> <span class='ocrx_word' id='word_1_266' title='bbox 1233 4015 1245 4040; x_wconf 43' lang='lat' dir='ltr'>t</span> 
     </span>
     <span class='ocr_line' id='line_1_38' title="bbox 931 4035 1313 4154; baseline -0.01 -31"><span class='ocrx_word' id='word_1_267' title='bbox 931 4142 936 4154; x_wconf 26' lang='grc' dir='ltr'>Ι</span> <span class='ocrx_word' id='word_1_268' title='bbox 1082 4089 1116 4124; x_wconf 70' lang='grc'>.»</span> <span class='ocrx_word' id='word_1_269' title='bbox 1169 4035 1313 4122; x_wconf 32' lang='lat' dir='ltr'>suove</span> 
     </span>
    </p>
   </div>
   <div class='ocr_carea' id='block_1_10' title="bbox 0 0 1354 4828">
    <p class='ocr_par' dir='ltr' id='par_1_11' title="bbox 0 0 1354 4828">
     <span class='ocr_line' id='line_1_39' title="bbox 0 0 1354 4828; baseline 0 0"><span class='ocrx_word' id='word_1_270' title='bbox 0 0 1354 4828; x_wconf 95' lang='lat' dir='ltr'> </span> 
     </span>
    </p>
   </div>
  </div>
 </body>
</html>
