2700 4828
259 251 331 326 106
354 239 612 350 DISQUISIT
613 239 668 319 10
689 239 761 320 DE
773 145 911 324 ¹SEXU
930 233 1277 320 PLANTARUM.
1342 321 1343 366 ἰ

160 467 165 476 ·
254 436 331 503 tam
364 421 498 500 diverfi
526 420 669 517 imperii
704 419 764 498 hic
797 420 1196 514 discernamus,·quam
1228 415 1320 491 hauc

254 543 389 614 unam,
415 519 514 616 quod
536 520 744 596 animalium
771 519 934 597 medulla
958 520 1030 594 bass
1061 519 1099 594 in
1129 513 1320 590 cerebrum

257 617 468 715 urganilbtae
488 617 593 694 nervi
615 617 747 696 annexi
771 619 863 708 bnt,
888 617 1021 711 quibus.
1043 615 1239 709 percipere
1261 611 1344 705 ob,

224 733 229 740 ·
256 717 350 812 jetta
375 715 559 810 &sponte
582 715 726 792 moveri
750 713 901 810 pellium
938 712 1201 810 vegetabilium
1229 730 1321 786 vero

108 916 111 924 Ι
256 815 414 894 medulla
440 810 592 891 cerebro
618 811 798 890 &nervis
823 812 970 909 prorsus
993 823 1153 889 careant.

351 1007 505 1123 Duplici
541 1031 589 1086 cx
618 1008 810 1088 substantia
838 1013 964 1107 *planta
996 1017 1184 1086 contexte
1221 1002 1345 1118 sunt·,l

254 1108 347 1186 licut
371 1107 562 1196 anrmalia,
597 1108 785 1184 medullari
816 1122 924 1202 atque
958 1107 1140 1184 corticali.
1204 1101 1321 1175 Corti-

255 1205 347 1281 calis
384 1206 451 1280 alit
482 1207 644 1300 plantas,
676 1204 710 1280 dt
741 1203 885 1292 radice,
918 1204 953 1280 dt
983 1205 1085 1282 omni
1115 1197 1314 1296 superficie.

255 1303 431 1380 Remulus
455 1303 598 1378 anima
632 1319 764 1380 nuncu
793 1302 957 1391 evulsus,
993 1304 1028 1377 dr
1059 1321 1158 1394 aqua
1193 1293 1315 1372 immil-

255 1399 335 1491 sus,
371 1401 473 1495 poris
499 1402 678 1477 alimenta
719 1400 876 1476 imbibit.
939 1401 1024 1476 Nec
1048 1401 1152 1474 aliter
1176 1395 1211 1470 F
1215 1417 1321 1482 urus,
1345 1413 1346 1426 ³

256 1499 409 1590 aliaque
435 1493 568 1594 plantae
594 1500 765 1591 mariun,
796 1499 869 1576 ime
894 1496 1041 1590 radice,
1076 1495 1180 1591 poris
1219 1493 1346 1584 solis,

253 1617 323 1693 per
342 1615 488 1672 omnem
509 1589 739 1672 substantiam
766 1593 948 1692 disperfis,
972 1595 1197 1674 nutriuntur.
1236 1591 1321 1666 Cor·

255 1706 321 1766 tex
353 1693 545 1785 arborum,
579 1697 624 1770 ab
651 1694 819 1770 interiori
850 1707 966 1788 parte,
989 1690 1121 1772 librum
1139 1690 1323 1788 gelatinn·

254 1789 332 1866 sum
355 1788 510 1887 deponit
534 1788 573 1868 in
597 1793 758 1892 lignum,
790 1791 986 1886 quotannis
1012 1789 1320 1870 indurescentenr.
1346 1829 1347 1840 t

233 1981 238 1988 “
357 1985 558 2062 Medullart's
597 1985 798 2083 plantarum
818 1984 1050 2078 substantia,
1089 2005 1170 2079 pars
1210 1987 1323 2061 alters

255 2082 451 2161 effenriatis
476 2085 758 2182 vegetabilium,
785 2083 1047 2179 multiplicatur
1075 2083 1323 2178 protruditur·

256 2205 328 2275 que
362 2181 401 2256 in
430 2177 637 2273 infinitum,
663 2183 801 2272 itaut,
833 2183 1042 2276 ubicunque
1073 2181 1149 2254 haec
1183 2204 1317 2256 evanc-

254 2280 345 2371 scit,
378 2279 503 2372 planta
527 2279 724 2356 necessario
748 2281 937 2356 moriatur.
993 2277 1037 2354 In
1068 2279 1174 2372 hujus
1206 2279 1313 2355 confi·

254 2376 448 2452 deratione
480 2377 623 2454 duobus
660 2375 755 2454 locis
792 2377 897 2452 valde
927 2375 1130 2453 cauendum
1158 2375 1239 2470 e'lb,
1274 2397 1318 2452 ne

254 2473 500 2568 decipiamur,
526 2477 681 2570 primum
704 2477 742 2551 in
768 2481 902 2564 culmis,
929 2475 990 2550 seu
1009 2475 1173 2550 caulibus
1201 2475 1321 2566 cavis,

154 2571 159 2578 ”
253 2571 319 2646 ubi
352 2568 509 2647 medulla
540 2573 717 2649 corticem
753 2575 898 2648 interne
934 2568 1067 2661 vestit,
1111 2572 1250 2647 deinde
1285 2575 1323 2648 in

253 2663 454 2760 majoribus
483 2669 699 2772 arboribus,
730 2671 794 2745 ubi
825 2669 965 2747 caudex
996 2669 1136 2746 arboris
1170 2671 1324 2765 prorsus

253 2766 389 2842 solidus
415 2764 562 2859 evadit,
586 2770 717 2862 prae'ter
740 2769 874 2846 summa
901 2789 1082 2844 ramorum
1111 2771 1321 2844 cacumina.

252 2861 411 2960 Lignum
442 2865 540 2944 enim
574 2863 699 2942 ullium
726 2868 848 2944 vicem
872 2866 1036 2962 praestat,
1066 2865 1214 2961 quando
1244 2889 1326 2942 me·

252 2961 351 3047 dulia
388 2984 483 3054 opus
516 2985 593 3040 non
628 2965 701 3055 est,
734 2979 843 3058 atque
876 2986 975 3039 cavae
1007 2965 1155 3038 arbores
1179 2963 1323 3039 nihilo·

253 3061 373 3132 minus
400 3059 585 3154 crescunt,
609 3062 722 3137 modu
748 3063 786 3136 in
814 3061 950 3138 ultimis
976 3061 1121 3136 ramulis
1155 3062 1324 3147 medulla

253 3154 411 3248 superfit.
463 3155 553 3234 Hac
575 3181 730 3253 namque
750 3173 792 3236 ut
809 3160 968 3236 radicata
989 3158 1052 3250 srt,
1073 3181 1149 3234 non
1171 3155 1323 3234 necelsc

252 3251 326 3342 est,
353 3272 435 3330 cum
451 3254 493 3330 l‘e
516 3277 594 3331 non
616 3256 689 3350 ipsa
710 3257 867 3347 nutriat,
892 3257 952 3333 sed
974 3280 995 3331 a
1020 3253 1213 3332 substantia
1232 3279 1324 3332 cor·

251 3349 355 3424 ticali
372 3353 511 3444 alatur,
542 3353 699 3448 ideoque
719 3355 824 3449 apice
845 3370 965 3430 tamen
985 3355 1122 3450 semper
1142 3369 1320 3452 augetur,

250 3447 315 3522 ubi
340 3450 398 3522 vis
423 3453 522 3526 nulla
545 3451 770 3528 obfuerit‘in
806 3453 1000 3528 inlinitum.
1058 3451 1101 3528 ln
1127 3453 1201 3525 illis
1234 3452 1321 3527 ani·

249 3545 430 3639 malibus,
454 3546 609 3642 quorum
636 3551 791 3625 medulla
817 3565 1004 3648 tegmento
1030 3549 1130 3624 olleo
1155 3549 1319 3626 circum·

249 3641 377 3732 datur,
418 3658 459 3719 ut
497 3646 536 3721 in
571 3649 771 3742 majoribus
810 3671 853 3724 ac
894 3647 1194 3744 perfeiiioribus,
1230 3647 1319 3722 baec

249 3741 407 3816 medulla
438 3764 459 3816 e
493 3744 654 3820 claustris
697 3743 767 3820 suis
803 3769 881 3822 non
916 3747 1117 3837 emittitur-4
1154 3744 1192 3818 dc
1223 3765 1318 3820 curu

249 3841 332 3933 plus
355 3838 594 3943 induruerunt
616 3841 692 3918 hac
719 3857 924 3940 tegmenta,
952 3843 1126 3920 terminus
1158 3841 1193 3914 ei
1218 3841 1315 3916 ulti·
1348 3855 1349 3858 ‘

217 3957 330 4034 ,mus
368 3935 537 4038 prelixus
566 3937 618 4018 eli
626 3964 639 4036 3
671 3955 710 4056 pt
741 3943 781 4022 in
816 3941 1000 4022 vermibus
1028 3940 1208 4037 minimis,
1241 3938 1313 4012 ubi

946 4061 948 4068 '
1215 4055 1313 4118 ttu-
