2700 4828
95 263 387 417 ors'Qur'srtro
411 311 481 389 nn
505 251 633 392 scio
654 307 995 392 obturantur.
1017 299 1091 390 101·

130 490 181 566 Ab
200 493 337 568 ultimis
352 507 451 569 retro
470 495 697 588 temporibus
713 493 926 590 potiffimurn
946 491 1084 574 villum

65 588 157 662 Arrius
180 589 330 664 sumsere
360 615 380 668 a
408 595 573 681 Phenica,
610 594 668 668 seu
696 595 814 667 Palma
841 593 1081 687 Dadyllsera‚
1120 660 1123 668 ,

63 688 141 782 Persa
165 689 206 760 ab
240 688 389 764 illorum
426 691 630 778 Teretinam,
673 694 787 784 Argei
817 715 836 764 a
868 693 974 780 Ficta,
1010 699 1083 770 Chii

60 783 207 873 Masticlen
239 789 399 865 coluere.
460 787 529 862 His
560 788 728 864 omnibus
757 787 855 864 sexui
879 793 1083 882 plantarum

55 880 195 954 inherere
217 885 472 976 recelleret,
496 884 603 960 rnaris
631 887 669 962 iu
696 885 875 962 foeminam
899 883 1081 966 aulonem

54 979 150 1050 eadem
177 981 350 1056 methodo
380 984 624 1078 promoturr's,
656 1006 727 1077 qua
757 983 940 1076 hodieque
974 997 1083 1062 utum.

54 1086 114 1162 tur;
146 1100 213 1150 rem
243 1078 370 1174 itaque
408 1083 510 1153 adeox
534 1094 692 1174 apertam
732 1083 899 1178 ignorare
934 1082 1078 1174 prorsus

53 1176 237 1264 nequivere,
268 1178 309 1252 in
342 1177 398 1252 bis
430 1181 528 1252 certe
552 1179 752 1258 arboribus.
816 1179 952 1279 Quodsi
985 1201 1077 1254 vero

56 1267 110 1340 lata
127 1271 270 1348 scientiae
290 1277 388 1348 illius
414 1275 693 1369 perpendimus,
719 1295 796 1368 qua
816 1270 1077 1370 vegetabilium
1196 1327 1202 1344 ·

60 1368 264 1459 cognitionem
296 1373 431 1465 tradit,
469 1371 576 1446 facile
611 1373 648 1448 in
679 1373 829 1448 caussam
859 1373 1075 1470 incidimus,

60 1482 103 1534 cur
120 1466 180 1540 hec
207 1469 354 1546 theoria
378 1485 451 1546 tarn
478 1469 555 1546 sero
586 1470 625 1548 in
654 1471 796 1565 plenam
819 1471 934 1548 lucent
964 1495 1075 1566 pene·

55 1566 179 1638 trar'erit.
229 1569 411 1644 Veterum
441 1567 570 1666 scripta
598 1569 745 1644 minime
774 1565 970 1657 testantur,
1002 1571 1075 1644 Bo·

54 1657 160 1735 unicos
197 1664 234 1738 in
279 1667 340 1740 sua
380 1667 528 1740 scientia
563 1668 673 1760 longe
709 1665 910 1764 progrellos
950 1663 1073 1760 fuisse,

55 1760 177 1842 quanvis
201 1763 377 1837 hlatbesrs
400 1763 433 1837 dt
459 1763 692 1840 Astronomia
714 1763 787 1838 boc
809 1766 881 1856 jam
907 1780 1074 1859 ternpore

57 1850 232 1950 adnaguum
250 1862 463 1955 pervenerit
483 1859 672 1960 fastigium.
706 1861 829 1954 Opera
853 1861 1071 1956 Theophrasti,

62 1947 214 2040 Dioscuridis
232 1981 276 2032 ac
294 1961 412 2044 Plinii,
427 1957 583 2052 pristinae
598 1957 815 2032 eruditionis
833 1960 1070 2052 promtuaria,

61 2046 150 2122 nullan
167 2070 264 2129 certe
286 2056 552 2150 Philosophiam
572 2056 610 2132 in
630 2054 703 2130 hoc
718 2053 915 2130 studiorum
937 2075 1071 2152 genere

56 2143 131 2216 nobis
143 2152 334 2243 exhibent,
366 2165 465 2226 tanta
482 2153 570 2226 licet
587 2173 671 2226 cura
688 2151 924 2225 Dioscorides
941 2153 1070 2245 simpli·
1196 2169 1199 2191 '
1241 2131 1244 2140 ⁷

56 2235 121 2314 cium
142 2245 212 2322 usus
230 2250 515 2344 conquihverit‚
540 2271 609 2326 nec
627 2250 758 2330 minori
783 2248 954 2324 industria
970 2249 1070 2326 Geo-
1137 2277 1139 2284 ·
1246 2261 1250 2268 '

54 2342 348 2444 torici‚inprimis
370 2347 463 2444 apud
484 2347 695 2438 Romanos,
727 2345 765 2422 in
782 2369 822 2422 re
844 2346 990 2423 Rustica
1006 2370 1068 2423 ex·
1184 2434 1186 2440 ¹
1273 2439 1275 2444 ¹

58 2435 200 2535 bellende,
226 2446 488 2526 laboraverint.
540 2443 623 2518 Posi
642 2443 915 2540 palingenehanr
933 2445 1069 2522 littera·

59 2547 108 2603 run
131 2540 276 2631 primum
310 2541 569 2618 Botanicorum
609 2563 702 2640 opus
734 2543 827 2636 suit,
869 2543 990 2618 ruinas
1028 2544 1067 2620 iu

58 2633 149 2708 veteris
181 2639 365 2734 sapientie
397 2641 584 2714 ruderibus
621 2653 793 2717 excutere
825 2657 864 2715 et
891 2639 1066 2736 pervesti-

52 2741 124 2820 gare,
149 2757 217 2828 quo
243 2739 473 2831 lahoreeum
501 2761 576 2812 non
599 2745 743 2834 magnas
770 2738 892 2833 colligi
916 2739 1064 2837 diuitias
1102 2765 1104 2772 ·

53 2823 360 2924 animadvertissent,
391 2836 428 2908 in
456 2835 564 2930 ipsam
595 2833 735 2932 demum
761 2851 949 2924 naturam,
974 2855 1063 2908 ocu-

52 2917 295 3026 lorantmosque
319 2943 604 3023 converterunt,
630 2933 769 3025 plantas
796 2927 839 3004 ad
865 2931 1063 3026 autopham
1166 2957 1169 2972 ¹

57 3014 207 3102 describere
235 3045 444 3126 coeperunt,
472 3031 590 3102 donec
612 3028 704 3102 adeo
722 3030 968 3122 obruebantur
986 3029 1061 3104 illa·

52 3128 246 3220 lincopia,
286 3142 329 3201 ut
358 3127 456 3218 uiam
486 3127 696 3222 exitumque
730 3126 898 3200 invenire
928 3128 964 3200 in
990 3124 1061 3200 suis
1104 3213 1111 3230 ,

49 3205 129 3306 hortis
150 3222 209 3316 iplr
235 3247 351 3322 prope
379 3223 626 3320 desperarent,
658 3223 823 3318 inprimis
849 3245 929 3298 curn
956 3223 1060 3296 India

48 3319 158 3408 utraque
188 3337 289 3397 tanta
312 3323 384 3397 illis
413 3320 577 3416 quotidie
607 3322 853 3417 supplementa
883 3322 1057 3412 mitteret,

50 3411 128 3486 ttlris
145 3421 309 3494 omnibus
339 3419 643 3514 complesiendis,
671 3419 769 3493 nulla
783 3421 858 3516 ¹J‘arn
885 3417 1059 3494 sufficeret
1140 3425 1145 3434 '

48 3517 190 3590 remorta.
241 3515 484 3612 systematicis
511 3515 654 3590 tandem
681 3515 764 3591 satis
786 3517 925 3614 negotii
948 3515 1086 3590 faces·-

47 3595 132 3680 serunt
152 3615 278 3706 plantae
297 3615 538 3688 univerlaeex
560 3611 840 3690 frudlficatione
855 3613 1055 3688 describen-

46 3689 96 3790 dis
123 3709 223 3804 inque
250 3712 335 3808 suas¹
349 3710 598 3789 distribuendae
624 3710 839 3806 phalanges,
870 3711 982 3786 immo
1011 3707 1079 3782 ad'

47 3785 113 3872 hullt
134 3829 237 3904 usque
257 3811 351 3884 diem
376 3810 430 3883 hee
451 3812 533 3901 illos
557 3829 651 3882 eurae
678 3823 914 3901 occuparunt.
963 3805 1055 3882 Cum
1177 3813 1180 3820 ‘

46 3903 108 3969 vero
121 3901 333 3998 Systematici
352 3907 422 4002 ¹ipsi
442 3904 626 3980 Corollam
644 3907 823 4001 precipue
842 3901 1053 4000 spestarent‚

49 4001 215 4101 luaeoculis
237 4005 389 4084 maxime
410 4004 574 4174 obludi3
600 4003 826 4097 defructum,
852 4002 913 4098 qui
940 3999 1054 4076 maxi·

597 4123 618 4196 3
950 4119 1051 4186 mutu
