2708 4822
272 273 323 352 74
353 241 646 331 METHODUS
671 238 970 322 MUSCORUM
992 231 1298 316 ILLUSTRATi

264 452 368 518 certe
393 460 472 516 non
505 439 691 516 minimam
724 435 764 514 in
792 435 850 514 his
878 431 1205 534 deprehendebant
1235 429 1299 528 ¹caui

208 627 213 638 „
264 566 361 658 sam,
399 563 598 643 admirandi
637 560 917 658 celebrandique
955 554 1177 638 conditoris
1222 553 1287 650 Maj

265 687 410 768 statem.

361 939 451 1042 Quo
476 947 615 1016 natura
633 934 918 1016 convenientius
936 934 1032 1014 hanc
1054 930 1247 1009 scientiam
1262 941 1310 1006 m·

264 1061 420 1156 flerunt,
430 1085 478 1138 eo
488 1065 608 1158 plures
617 1062 681 1158 ipfi
695 1042 942 1138 conciliarunt
953 1060 1031 1154 eius
1047 1055 1248 1150 studiosos,
1258 1055 1300 1150 qu}
1309 1122 1310 1126 a

263 1207 335 1288 que
367 1187 461 1260 novi
494 1185 631 1280 aliquid
669 1185 900 1262 detexerunt
958 1181 1051 1258 Non
1089 1193 1223 1256 tamen
1252 1177 1301 1252 iin

263 1307 367 1384 omni
400 1323 577 1404 exparte
612 1307 666 1384 rei
696 1305 827 1384 nostro
854 1309 950 1386 berre
988 1307 1214 1390 consultum.
1259 1297 1301 1402 Qui

148 1487 151 1498 -
261 1431 363 1510 enim
403 1452 531 1508 eorum
560 1433 765 1508 volvebant
801 1429 964 1527 scripta,
1004 1451 1084 1506 non
1129 1435 1308 1525 potuerunt

259 1576 361 1641 oon,
381 1553 483 1632 dubii
514 1555 672 1648 herere,
711 1577 821 1651 quum
857 1555 1222 1652 animadverterent,
1260 1550 1308 1623 hos

260 1679 302 1754 in
340 1677 647 1774 descriptionibus
688 1702 766 1757 nou
813 1680 1037 1769 convenire3
1073 1698 1144 1756 nec
1187 1671 1307 1752 fortasse

260 1800 352 1878 artis
375 1799 458 1882 satis
487 1801 590 1878 fuiise
619 1825 765 1902 gnaros.
815 1803 915 1879 Hinc
936 1797 1045 1879 fac'ile
1069 1812 1201 1897 patet,
1226 1817 1307 1894 quot

261 1923 481 2004 necessarius
515 1925 629 2004 fuerit
654 1945 789 2042 novus*
810 1925 1048 2004 Reionnator
1074 1922 1279 2001 Botaniees.

275 2252 278 2262 ,
350 2172 474 2252 Paulo
505 2170 589 2270 post
627 2194 735 2272 quom
769 2175 974 2282 universale
1007 2172 1173 2270 systema
1209 2171 1332 2267 Veger

257 2297 425 2384 tabilium
450 2280 610 2376 condere
637 2297 905 2376 instituissent.
930 2322 982 2375 m.
1004 2299 1118 2377 Arch.
1147 2295 1187 2372 δι
1207 2294 1302 2390 Eques

257 2407 470 2513 aLrnnn',
497 2421 844 2528 comprehendendo
867 2424 1007 2502 scilicet
1035 2422 1099 2500 sub
1129 2419 1302 2519 generibus

256 2543 420 2640 species,
449 2565 529 2638 quae
557 2546 762 2640 generalem
785 2547 965 2642 quandam
990 2567 1064 2642 prae
1093 2543 1129 2620 se
1156 2544 1302 2620 ferebant
1330 2585 1331 2620 i

217 2692 230 2718 1
255 2665 582 2761 convenientiam,
603 2666 851 2746 &uarietates
871 2693 892 2744 a
910 2669 1098 2766 speciebus
1117 2665 1301 2744 discernet·

255 2789 556 2888 d0,'adaequatos
575 2789 774 2868 indicando
798 2793 1019 2876 charasteres
1041 2787 1301 2867 &differentiae

254 2914 482 3008 essentiales,
505 2913 638 2990 fartum
660 2913 734 3009 est,
758 2898 810 2991 ut'
823 2917 972 2994 Muscos
996 2914 1106 2990 etiam
1131 2913 1300 2990 recensere
1329 2981 1330 3016 Ν

255 3037 534 3136 aggrederetur,
572 3057 726 3132 quorum
744 3060 924 3116 ›nrrmerus
956 3040 1113 3136 amplior
1136 3038 1214 3116 fuit
1237 3054 1300 3112 cen·

257 3161 418 3242 tonario.

213 3507 217 3514 ι
346 3402 504 3482 Novum
529 3406 621 3502 jam,
654 3405 764 3502 idque
796 3407 1124 3504 fiorentiffimum,
1144 3407 1298 3486 oboritur

254 3527 426 3604 Historia
459 3529 648 3607 Naturalis
674 3531 853 3612 Secuium.
903 3533 1074 3630 Namque
1099 3555 1176 3610 non
1200 3533 1297 3610 solun
1327 3629 1328 3636 Ν

251 3650 352 3745 prius
382 3641 576 3750 descriptas
605 3656 747 3748 plantas
769 3654 996 3751 examinare,
1026 3679 1167 3748 novas,
1205 3659 1296 3734 erim
1327 3659 1328 3712 t

251 3773 519 3866 minutissimas,
539 3797 720 3872 quarere,
743 3776 802 3853 sed
814 3780 1027 3856 Mufonnim
1048 3803 1198 3878 quoque
1218 3779 1294 3858 ordi·

253 3917 336 3974 nem
364 3899 582 3998 investigare
606 3913 814 3998 caeperunt..
858 3903 1018 3984 Multum
1049 3904 1087 3982 in
1109 3905 1180 3984 hae
1208 3915 1295 4006 parte

173 4019 175 4028 ’
1095 4027 1100 4039 ’
1262 4023 1292 4100 de
