2700 4828
323 296 562 378 onerent
597 285 843 386 urdene.
1014 289 1019 300 '
1069 309 1117 400 to

25 563 30 582 .
89 477 213 567 Doleo,
240 499 296 552 me
326 501 403 554 non
443 478 616 574 possidere
651 481 869 574 eloquentie
899 483 1045 566 coloret
1072 482 1118 562 ed

163 597 237 650 erm
265 578 438 652 docenter
464 578 684 668 ornandam,
713 579 769 654 sed
795 599 873 658 eam
897 580 949 656 itr
984 579 1116 662 nudam

117 729 120 738 .
163 695 368 768 proponere
394 673 548 766 debere,
574 687 614 750 ut
639 689 725 752 trote
748 675 813 754 est.
1198 693 1204 704 '

13 877 15 892 ¹
82 861 146 958 Ipso
164 867 233 955 est,
255 890 333 962 que
351 868 472 942 omnio
491 869 768 966 Omnipotentis
787 871 1114 966 artificioprofertr

13 975 14 980 ‘
162 987 236 1056 que
276 967 384 1040 nobis
416 965 597 1042 infinitum
646 967 856 1044 Creatorem
890 971 1051 1047 nostrum
1092 993 1115 1049 e

159 1078 260 1156 tergo
279 1063 573 1157 conspiciendum
591 1068 747 1160 praebetr
766 1087 843 1158 quae
862 1088 930 1142 nos
947 1067 1113 1159 deleiiet,

158 1161 188 1232 ἃ
214 1164 442 1252 voluptatem
466 1161 582 1238 adfert
611 1163 683 1238 stne
711 1163 876 1250 fastidi03
892 1185 981 1254 oue
1004 1165 1112 1240 nobit

158 1260 279 1332 omnia
303 1259 471 1352 largitur,
509 1263 741 1354 quecumque
766 1261 934 1362 obtineri.
952 1261 1110 1354 poss'unt,

155 1356 197 1426 ad
223 1355 303 1427 usus
328 1353 507 1442 hominir3
539 1379 617 1450 que
633 1356 835 1440 noe‘docet
857 1357 996 1451 operire
1024 1381 1110 1444 ocu·

155 1452 210 1524 los
236 1474 318 1525 cum
336 1452 548 1560 'attentione
576 1453 608 1534 dt
635 1453 903 1534 observatione.
964 1511 965 1520 r

13 1727 15 1730 ,
79 1660 199 1735 Sciuztio
224 1670 387 1738 naturalis
410 1685 453 1739 ea
475 1662 527 1738 est
551 1663 735 1757 dosirioe,
764 1687 842 1760 que
871 1685 941 1740 nos
974 1663 1110 1760 magni·

153 1757 219 1834 fica
248 1761 319 1831 Dei
345 1783 456 1853 opere
486 1762 705 1857 cognoscere
728 1763 851 1838 docet.
901 1763 1012 1836 Multi
1034 1783 1111 1835 cre·

153 1856 264 1944 dunt,
294 1856 329 1930 se
361 1879 462 1952 eque
492 1861 659 1933 oculatos
684 1859 773 1950 esse,
799 1875 906 1952 atque
931 1861 1112 1934 ullusne-

154 1967 244 2027 turae
274 1955 480 2043 consuitusr
521 1955 645 2048 Equus
668 1957 702 2030 tr
726 1957 798 2031 Bos
828 1958 954 2050 utique
978 1957 1110 2030 oculor
1203 1943 1216 1970 '

151 2051 289 2126 habent
310 2053 402 2126 adeo
426 2075 576 2149 magnos
597 2075 639 2126 ac
656 2054 789 2140 homor
816 2055 923 2128 ambo
946 2073 1022 2128 non
1044 2053 1110 2142 mi·

150 2172 219 2222 nos
249 2149 388 2242 plantas
417 2149 642 2224 &animalia
671 2150 819 2240 vident,
856 2171 961 2244 quem
992 2149 1109 2223 homi-

150 2269 239 2322 num
268 2250 418 2342 unigost
446 2247 503 2326 sed
521 2247 803 2337 eodemmodo,
823 2269 897 2340 qno
925 2248 962 2322 in
980 2246 1110 2332 nundi·

150 2345 207 2416 nis
234 2343 425 2418 discursare
455 2346 619 2419 uidemus
650 2343 839 2432 hominen,
871 2345 959 2418 srcut
982 2342 1109 2418 sormi-

151 2463 210 2518 ees
248 2442 284 2515 in
317 2443 479 2532 acervis,
509 2443 726 2537 ignorantes
754 2444 927 2534 cujusque
956 2441 1107 2518 domici·

149 2539 263 2628 lium,
294 2539 436 2630 locum,
467 2538 635 2632 questum
665 2539 727 2614 vel
759 2541 968 2636 negotium3
1008 2537 1109 2632 quod

147 2635 201 2731 est
228 2638 350 2712 omnia
374 2637 500 2714 videte
521 2636 556 2712 io
582 2635 807 2718 confufione.
858 2636 932 2734 Qui
951 2635 1109 2731 peregri·

141 2747 258 2808 vnator
293 2733 501 2808 hirudinum
537 2733 661 2825 veuit,
698 2737 758 2808 vei
791 2733 956 2824 Parisios,
983 2731 1109 2824 ibique

148 2830 337 2906 hominum
363 2829 651 2922 multitudinem,
677 2830 714 2906 in
738 2831 868 2925 plateis
886 2829 921 2904 se
944 2849 1109 2922 premeou

149 2931 265 3016 tium,
296 2927 495 3020 conspicit,
533 2927 616 3004 indo
647 2948 725 3004 non
758 2927 992 3022 discttvregni
1016 2924 1112 3030 τεεί.

147 3047 254 3116 men,
283 3025 470 3120 politiam,
496 3026 735 3102 oeconomiam
761 3024 793 3100 or
815 3021 992 3104 instituta.

72 3235 155 3332 sopio
179 3235 388 3310 divitiarum
415 3250 551 3316 nature
574 3235 666 3310 adeo
695 3255 822 3331 magne
848 3233 921 3326 est,
946 3235 1111 3310 utnulla
1150 3327 1153 3332 Ι

13 3357 15 3434 g
150 3335 326 3408 memoria
362 3335 395 3406 ei
429 3333 597 3420 sufficiam
624 3333 719 3410 unde
750 3335 858 3406 etiam
881 3333 1037 3424 evenit,
1068 3345 1111 3411 ut

153 3430 337 3526 superiora
353 3431 469 3514 secula
487 3431 742 3506 abhorruerint
763 3430 888 3504 abhoc
909 3428 1085 3539 doctrine.

138 3637 141 3642 .
228 3578 270 3651 C.
298 3580 501 3668 Bauhinus,
527 3579 679 3662 summus
708 3578 758 3653 sui
787 3579 855 3651 aevi
884 3577 1107 3666 Botanicus,

153 3690 238 3750 ante
263 3676 329 3749 hos
358 3678 554 3756 eentum-dt
570 3676 826 3772 quinquaginta
853 3683 984 3761 annos,
1006 3687 1108 3748 totos

127 3774 385 3868 ·qttadraginta
421 3795 535 3848 annos
571 3773 777 3866 impendere
808 3769 952 3860 debuit,
972 3783 1023 3842 ‘ut
1053 3770 1107 3843 so·

153 3872 337 3944 lnmnrodo
365 3873 551 3964 pleraeque
581 3871 721 3962 plantes
746 3869 942 3961 Europaeas
969 3887 1107 3963 cogno·

17 3989 21 4008 ·
154 3967 275 4045 sceret.
329 3967 428 4044 Tota
451 3967 753 4137 tamenrltqunitio
778 3977 916 4042 tantum
940 3978 1016 4036 erat
1048 3985 1107 4038 rer
1168 3984 1171 3990 ’

388 4109 391 4114 -
554 4085 668 4160 Ὶ,3
968 4081 1109 4140 memo·
1201 4091 1209 4097 ·

116 4321 342 4418 ‚QX
